1844 2962
298 41 307 59 ἱ
315 40 352 57 ῠῠῑ
362 40 379 56 n
418 39 510 71 ΜΣΨΝ
524 38 578 53 ΙΠΙΙΙ
589 37 617 53 ΗΑ
630 36 770 68 Vurssussv
781 35 878 65 ΙΙΗΛΙῌ,
901 35 915 53 »7

297 79 393 126 urbem
406 76 499 125 onmia
511 74 616 139 templa
627 72 710 124 deum
728 87 788 122 cum
799 71 909 138 populo

299 146 403 197 curniit.
442 143 617 193 Celebratior
632 142 657 192 is
673 157 761 207 prope
779 141 840 192 dies
858 141 919 193 far(

299 222 325 266 et
337 214 532 266 aestimatione
551 226 633 262 verae
653 210 857 277 magnitudinis
868 211 914 262 eiu

298 300 352 349 qun
368 281 545 349 triumphans
560 281 594 332 de
604 279 732 348 Syphace
750 295 819 348 rege
834 287 863 332 et
876 282 918 333 Ca

296 354 348 405 bus
361 354 455 405 urbem
467 360 510 404 est
521 351 654 403 invectus.

352 424 410 476 Lll.
431 424 486 473 liic
504 423 646 489 speciosus
664 420 778 471 ultimus
796 418 899 474 deese.
918 428 922 439 ¹

297 497 349 546 sit.
366 495 434 547 Post
445 508 525 559 quem
537 507 620 559 quum
631 490 765 541 incidians
778 497 806 541 et
818 498 919 543 certon

297 565 379 616 bunis
392 565 577 631 prospiceret,
601 562 644 613 die
657 561 783 627 longiore
794 562 910 627 prodiet

298 651 362 684 nurn
377 634 529 696 eoncessit;
551 638 626 684 certo
639 632 772 694 consilio,
793 646 829 682 ne
844 633 882 683 ad
896 650 922 685 e,

299 703 361 753 «inm
374 703 495 754 adesset.
530 702 625 753 Maior
640 701 747 753 aninius
758 707 787 752 et
798 708 904 755 natura

298 773 354 823 iuri
366 771 496 824 fortunae
510 777 650 833 assuetus,
674 786 755 838 quarn
766 776 798 821 ut
811 786 879 823 reus
892 789 919 825 e·

299 843 475 894 summittere
486 857 515 893 se
527 846 554 892 in
565 840 753 893 humilitatem
759 855 877 894 causam
885 842 915 893 di

300 915 361 965 dies
377 913 469 975 renit,
491 912 627 980 citarique
646 911 746 963 absens
761 916 805 962 est
816 919 903 980 coept
921 933 922 941 ι

299 985 428 1035 ιιιιιι·1ιιιιιι
440 997 539 1035 causae
552 996 621 1044 csse,
633 998 682 1032 eur
693 980 815 1043 abesset,
826 997 917 1042 exous

301 1053 511 1107 excusationem
522 1067 606 1119 quum
616 1052 730 1114 tribuni,
745 1051 793 1118 qui
806 1051 885 1105 diem
897 1054 915 1105 d

300 1125 467 1190 arriperent,
488 1128 516 1175 ct
528 1121 671 1174 abeodem
683 1122 817 1188 superbia
826 1139 887 1176 non
897 1142 915 1175 r

299 1211 358 1245 sam
372 1193 515 1246 dicendam
528 1198 689 1259 arguerent,
713 1208 768 1259 que
783 1193 913 1246 iudiciun

298 1264 390 1330 piebis
400 1270 429 1316 et
440 1262 601 1314 concionem
613 1263 790 1329 reliquisset,
813 1270 851 1326 et,
868 1266 918 1332 qui

300 1333 434 1385 dicendae
444 1340 522 1385 sente
525 1334 600 1385 ntiae
612 1340 640 1385 et
651 1334 811 1385 libertatem
824 1300 921 1387 adem·

298 1403 351 1452 mit
354 1408 424 1464 utus,
435 1403 513 1453 reiut
526 1411 622 1471 captos
632 1404 755 1466 trahens,
774 1405 915 1471 triumphi

297 1471 424 1523 Romano
441 1474 560 1537 egisset,
583 1474 827 1539 secessionemque
844 1489 881 1526 eo
899 1476 916 1526 d

298 1542 366 1593 lium
381 1558 398 1591 a
409 1541 529 1591 tribunis
547 1544 635 1596 olebis
648 1544 774 1594 fecisset:
795 1543 920 1592 Habetin
