1838 2954
24 127 212 184 nxxxvffl.
225 127 397 183 crissoto.
410 127 454 198 [U.
461 130 490 182 C.
499 129 628 184 565.A.C.
638 130 708 200 187.}
717 131 769 185 42⁷

17 244 45 293 rt.
76 235 166 299 Quid?
188 236 223 286 ad
237 232 429 304 Thermopylas
439 245 558 301 aequone
569 237 626 287 loco
640 234 673 285 M
678 240 693 286 ¹.
706 236 768 286 Aci·

22 322 83 357 ctam
95 322 159 373 rege
170 304 302 356 Antiocho
310 305 465 371 pugnauit?
496 304 584 368 Quid?
606 303 768 372 Philippum

31 376 122 426 eodem
143 375 218 425 niodo
235 390 315 440 saper·
330 374 416 425 Aoum
435 389 538 425 ansnem
552 373 621 443 iuga
636 383 767 426 tenentem

17 445 91 496 :tium
106 441 138 494 Τ.
152 442 295 506 Quinctius
308 443 422 494 deiecit?
443 443 576 508 Equidem
587 444 685 506 adhuc,
702 460 767 510 qua·

23 523 74 566 aut
89 512 141 564 sihi
154 512 281 581 fingant,
302 521 352 564 aut
367 512 441 564 nohis
456 512 544 564 uideri
562 515 645 567 velint
666 514 767 566 hostem

17 602 54 648 se,
69 601 123 637 non
131 582 246 635 invenio.
278 582 309 633 Si
320 584 475 664 degenerem
487 592 514 634 et
524 583 670 636 ernollitam
680 600 767 637 anroe-

19 664 47 708 te
57 652 149 716 Asiae,
169 651 360 721 quidpericulo
370 651 513 718 puliniano
525 654 582 704 loco
592 654 766 708 subeuntibus

22 725 35 777 ,θ
53 723 78 776 si
93 722 242 776 timendum
263 732 290 775 et
304 721 426 793 feritate
441 723 606 785 animorum,
629 733 656 776 et
671 723 766 776 robore

17 809 111 858 rorum,
125 791 249 846 huiccine
260 801 355 845 tantae
365 792 496 847 uictoriae
508 792 673 861 triumphurn
684 811 767 863 nega·

37 861 126 917 Caeca
141 863 245 916 inuidia
256 873 311 926 est,
332 863 433 916 Patres
452 864 613 932 conscripti,
634 881 683 916 nec
695 864 766 932 quie·

17 951 41 988 m
56 934 134 987 aliud
149 933 216 996 scit,
238 950 319 1001 quam
335 934 487 987 detrectare
497 935 627 994 uirtutes,
647 950 766 986 corrum-

17 1023 23 1058 ε
41 1003 198 1058 honoresue
208 1003 335 1071 praemia
346 1019 448 1056 earum.
484 1003 570 1065 Mihi,
592 1018 702 1068 quaeso,
724 1001 768 1054 ita

17 1074 118 1137 orantis,
134 1072 234 1128 Patres
244 1074 401 1142 conscripti,
422 1073 447 1124 si
458 1073 608 1142 longiorem
619 1072 768 1125 orationem

31 1143 167 1212 cupiditas
182 1144 323 1214 gloriandi
338 1146 369 1196 de
384 1160 438 1206 me,
457 1144 505 1195 sed
516 1142 667 1196 necessaria
678 1141 767 1196 crinsi-

17 1232 23 1268 ι
40 1213 159 1284 defensio
175 1215 258 1286 fecit.
296 1214 438 1267 Arretium
455 1230 505 1282 per
519 1213 668 1266 Thraciam
683 1215 768 1265 salnes

17 1293 92 1348 intes,
103 1284 150 1353 qni
160 1285 272 1354 angusti
282 1293 370 1348 erant,
388 1286 508 1352 etplano
519 1302 552 1337 ert
563 1283 665 1346 ardicis,
677 1293 704 1337 et
714 1284 768 1334 oul-

17 1373 34 1408 rr
48 1354 216 1407 silvestribus
232 1356 330 1426 facere
341 1356 436 1424 potui,
455 1364 482 1409 et
493 1365 654 1424 praestare,
674 1352 768 1407 neeuhi

18 1443 30 1477 s
47 1423 99 1477 sihi
115 1425 228 1477 latebris
247 1426 434 1481 delitescerent
445 1428 565 1478 latrones
579 1424 714 1487 Thraces,
734 1439 767 1474 ne

17 1497 24 1547 l
43 1494 216 1548 sarcinarum
237 1508 396 1566 raperetur,
419 1514 452 1551 ne
473 1497 544 1564 quod
564 1496 712 1547 incruentum
733 1509 767 1544 ea

17 1574 36 1616 to
58 1564 167 1634 aginine
189 1566 415 1631 abstraheretur,
434 1583 468 1619 ne
489 1564 549 1634 quis
565 1568 765 1623 vulneraretur,

17 1652 52 1687 ex
73 1636 183 1687 uulnere
204 1636 247 1688 oir
267 1637 356 1708 fortis
375 1654 408 1689 ac
428 1645 552 1688 strenuus
577 1634 609 1699 Q.
630 1632 767 1685 Minucius

18 1705 131 1758 eretur?
151 1705 245 1758 Inhoc
258 1723 336 1770 casu,
357 1723 409 1773 quo
428 1705 582 1779 infeliciter
600 1704 714 1765 incidit,
735 1710 768 1753 nt

17 1792 40 1827 m
51 1773 135 1828 ciuem
146 1776 341 1840 arrtitteremus,
352 1776 473 1829 haerent.
494 1775 573 1841 Quod
581 1776 654 1826 saltu
664 1773 767 1840 iniquo,

26 1844 123 1906 alieno,
141 1862 221 1911 arcum
232 1848 344 1899 adortus
355 1845 440 1898 hostis
450 1862 498 1897 nos
510 1854 587 1908 esset,
607 1846 677 1897 duae
689 1843 770 1897 simul
803 1906 807 1909 ⁷

18 1930 31 1966 s
41 1913 130 1983 primi
145 1924 174 1967 et
189 1914 327 1969 rtooissimi
338 1915 458 1985 agminis
473 1915 628 1968 haerentem
640 1914 677 1967 ad
685 1912 766 1982 impe·

17 1994 79 2038 enta
98 1995 193 2038 nostra
214 1986 362 2041 exercitum
389 1984 567 2039 harbarorum
589 1985 767 2038 circumvene-

17 2065 25 2107 t
30 2071 41 2116 ;
62 2055 134 2124 quod
154 2058 239 2109 multa
255 2056 341 2109 sesillin
356 2056 414 2123 ipso
432 2055 487 2119 die,
505 2058 590 2123 plura
605 2057 690 2109 multo
705 2065 767 2124 post

19 2141 125 2194 paucos
137 2126 291 2180 ceciderunt
302 2136 329 2178 et
337 2135 484 2194 ceperant;
504 2126 561 2189 hoc,
576 2127 600 2178 si
613 2127 667 2195 ipsi
679 2136 768 2179 tacue-

19 2232 27 2260 ,
47 2210 93 2247 nos
105 2195 234 2260 scituros,
254 2213 336 2265 quum
355 2197 432 2248 testis
451 2197 583 2250 orationis
601 2214 675 2249 meae
694 2203 767 2246 totus

16 2265 95 2319 citus
109 2265 161 2329 sit,
181 2284 234 2320 non
251 2267 381 2320 eredunt?
403 2264 435 2317 Si
448 2268 574 2336 gladium
591 2264 701 2321 inrisio
715 2279 767 2316 non

17 2336 136 2398 inissem,
154 2335 179 2386 si
189 2336 290 2391 hostem
301 2355 355 2391 non
365 2336 505 2400 uidissem
525 2347 614 2389 tamen
621 2332 768 2402 proconsul

17 2405 125 2475 mphum
135 2404 166 2458 in
176 2404 298 2461 Thracia
309 2406 408 2460 tuntas
415 2408 529 2476 proeliis
541 2420 702 2459 merneram.
715 2402 768 2454 Sed

23 2477 126 2529 dictum
136 2475 202 2527 satis
214 2487 263 2530 est.
301 2477 374 2543 Quin
385 2494 435 2549 pro
447 2495 488 2542 eo,
497 2479 570 2547 quod.
580 2475 712 2543 plurimus
720 2486 785 2546 niss-

17 2563 58 2608 rea
76 2562 158 2613 quam
171 2548 253 2610 uolui,
267 2549 415 2622 fatigavi,
431 2549 547 2605 neniam
559 2563 579 2600 o.
589 2543 672 2597 ionis
680 2542 811 2605 *sitnm*

17 2623 173 2681 reatamque
184 2620 278 2685 aelim,
296 2623 408 2680 Patres
423 2616 608 2686 conscripti.

17 2719 19 2723 ,
42 2681 113 2734 Plus
127 2686 253 2745 crimina
267 2707 306 2749 eo
319 2694 392 2764 die,
414 2710 518 2767 quam
531 2682 685 2744 &sienim
703 2709 715 2739 ,
731 2658 857 2719 iffi*
