1844 2962
34 114 106 168 Lra.
117 110 233 165 xxxi.
248 111 323 162 Cer.
334 109 434 163 42-44.
444 108 629 177 [U.C.552·A.
637 110 667 163 C.
675 112 743 181 aaa]
766 114 801 169 45

31 228 78 283 tus,
89 216 256 272 Dardanos
267 215 435 283 recipientes
446 230 476 268 se
486 215 515 265 in
530 216 599 268 lines
613 216 742 283 adeptus,
753 233 801 285 po-

31 304 118 342 emum
125 301 236 355 agmen
245 287 338 352 primo
347 285 485 338 turbarit:
496 285 568 348 dein,
578 291 727 354 postquam
732 286 802 340 Dar·

31 356 213 411 ricoarersis
234 355 323 422 signis
336 355 463 407 direxere
474 355 579 417 aciem,
599 371 689 424 aequa
708 372 804 425 pugna

31 436 56 481 to
70 426 189 497 proelio
209 432 282 477 erat.
318 425 372 477 Ubi
390 440 486 476 rursus
506 425 657 490 procedere
674 428 803 479 Dardani

31 498 155 567 pissent,
166 496 264 562 equite
274 499 304 546 et
312 494 367 546 lesi
377 500 519 546 armatm
528 495 609 561 regii,
620 496 725 548 nullum
735 497 802 549 talis

31 568 83 619 tilii
92 580 189 635 genus
200 564 338 616 hahentes
343 563 499 626 Dardanos,
512 571 643 617 oneratos
653 566 802 619 immobili-

31 638 147 699 rarmis,
158 635 320 687 vexabant:
331 639 360 686 et
369 634 435 685 loca
444 635 507 699 ipsa
517 633 697 687 adiuvabant.
724 638 802 689 Occi-

31 705 161 775 rerpauci
171 710 247 765 sunt,
258 703 351 769 plures
363 702 513 764 vulnerati,
523 708 620 769 captus
630 718 722 766 nemo,
735 707 802 774 quio

31 774 199 829 sexceduat
208 780 314 825 temere
326 770 471 823 ordinibus
482 771 548 834 suis,
559 771 609 823 sed
615 772 762 825 confertim
773 784 803 827 et

31 851 122 914 fuant,
135 848 169 895 ct
178 842 292 895 cedunt.
315 843 360 894 lta
370 841 472 892 damna
480 840 607 893 Romano
619 852 735 909 accepta
744 843 801 896 bel·

32 916 147 967 duabus
158 927 210 979 per
221 918 391 978 opportunas
400 910 591 977 expeditiones
599 913 730 964 coercitis
735 928 800 981 gen·

31 980 421 1049 mrestitueratPhilippum
441 981 553 1046 incepto
574 980 653 1042 forti,
673 997 798 1049 nonpro·

32 1070 66 1107 ro
78 1053 179 1106 solum
190 1056 303 1105 eventu.
338 1051 445 1103 Minuit
460 1048 561 1100 deinde
576 1051 604 1100 ei
620 1050 694 1103 sorte
706 1052 801 1103 oblata

36 1122 169 1177 hostium
183 1120 347 1173 Aetolorum
363 1132 517 1171 numerum.
553 1117 659 1183 Scopas
675 1120 802 1186 princeps

31 1194 93 1255 rtis,
114 1192 152 1245 ab
162 1190 334 1243 Alexandria
352 1202 457 1254 magno
478 1186 674 1253 compondero
694 1189 756 1239 auri
767 1191 801 1241 ab

31 1278 54 1329 ,e
64 1260 233 1313 Ptolemaeo
243 1260 358 1323 missus,
380 1272 431 1309 sex
442 1256 532 1307 millia
547 1256 673 1323 peditum
684 1264 712 1310 et
723 1259 801 1327 quin·

31 1339 91 1385 atos
102 1332 214 1400 equitas
223 1330 350 1383 mercede
365 1327 521 1380 conductos
530 1329 685 1395 Aegyptum
697 1330 800 1382 avexit.

32 1416 96 1455 cex
110 1402 257 1452 iuventute
269 1398 434 1453 Aetolorum
446 1412 610 1466 quemquam
630 1399 800 1468 reliquisset,

31 1470 224 1533 Damocritus,
234 1486 307 1522 nunc
316 1469 395 1531 belli,
417 1467 491 1534 quod
506 1468 633 1531 instaret,
644 1484 716 1520 nunc
727 1469 801 1521 futu·

31 1560 36 1593 t
46 1539 216 1593 solitudinis
227 1540 389 1599 admonens,
408 1538 557 1600 (incertum
568 1553 636 1588 eura
646 1539 746 1604 gentis,
764 1553 799 1589 an

31 1610 235 1663 adversaretur
246 1608 362 1674 Scopae,
373 1621 472 1673 parum
485 1606 565 1657 donis
576 1605 678 1666 cultus)
690 1613 799 1671 partem

31 1682 132 1731 riorum
153 1678 318 1745 castigando
339 1678 417 1728 domi
436 1676 628 1727 continuisset.
668 1676 747 1728 llaec
768 1693 801 1729 ea

31 1756 100 1801 state
110 1749 147 1799 ab
161 1748 293 1799 Romanis
303 1746 486 1814 Philippoque
497 1751 587 1812 gesta.

38 1816 145 1871 XLlV.
165 1818 269 1869 Classis
292 1834 309 1868 a
320 1819 444 1883 Corcyra
462 1815 587 1867 eiusdem
607 1814 744 1883 principio
757 1833 801 1870 ae·

31 1889 74 1941 ,tis
85 1903 149 1938 cum
159 1886 192 1937 L.
203 1887 319 1953 Apustio
329 1887 425 1953 legato
438 1885 572 1952 profecta,
582 1885 678 1938 Malea
688 1902 800 1953 supera-

41 1960 118 2009 circa
128 1956 290 2023 Scyllaeum
301 1959 361 2024 agri
371 1956 548 2007 Hermionici
557 1955 652 2006 Attalo
665 1958 725 2024 regi
738 1972 800 2008 con·

31 2036 87 2079 icta
98 2032 151 2079 est.
171 2028 244 2078 'l'um
254 2041 320 2078 tero
331 2025 539 2077 Atheniensium
551 2026 662 2087 civitas,
676 2028 722 2078 cui
734 2026 800 2078 odio

31 2097 193 2165 Philippum
213 2111 262 2162 per
272 2103 375 2148 metuar
397 2096 510 2147 iamdiu
522 2095 666 2147 moderata
678 2104 753 2160 erat,
772 2095 799 2147 id

31 2184 74 2221 me
97 2168 129 2218 in
140 2166 243 2217 auxilii
264 2169 420 2234 praesentis
435 2181 512 2232 spem
529 2164 637 2217 effudit.
674 2165 733 2218 Nec
753 2183 800 2218 un·

31 2254 73 2291 eur
85 2238 126 2289 ibi
137 2236 240 2288 desunt
251 2237 364 2305 linguae
383 2244 527 2302 promptae
542 2235 578 2286 erl
589 2236 699 2301 plebem
710 2239 801 2287 conci·

30 2308 119 2359 idam:
141 2308 216 2373 quod
228 2323 324 2375 genus,
344 2322 426 2374 quum
438 2306 466 2356 in
480 2306 607 2357 omnibus
617 2306 715 2357 liberis
737 2305 801 2356 civi-

31 2378 105 2441 ·ibus,
116 2383 176 2427 tum
187 2379 338 2444 praecipue
348 2375 475 2438 Athenis,
486 2377 536 2428 ubi
546 2380 637 2428 oratio
649 2375 798 2441 plurimum

31 2447 89 2509 llet,
101 2447 200 2499 farore
222 2447 408 2499 multitudinis
420 2447 514 2498 alitur.
551 2448 737 2512 Rogationem
754 2456 798 2492 ex·

31 2518 96 2585 nplo
119 2518 256 2579 tulerunt,
280 2518 426 2585 plebesque
437 2518 528 2580 scirit,
553 2526 584 2569 ut
595 2515 723 2584 Philippi
744 2521 799 2564 tta-

31 2603 65 2652 re,
75 2588 215 2658 imagines
226 2605 324 2651 errones,
336 2587 495 2654 nonriooque
512 2603 614 2650 euroni,
634 2586 700 2637 item
716 2584 799 2635 moio-

31 2672 51 2709 ut
61 2658 119 2711 eius
129 2658 211 2712 virile
223 2674 256 2713 ae
267 2658 393 2712 muliebre
404 2673 478 2711 tecue
492 2657 609 2709 orricium
630 2658 802 2717 tollerentur,
