1838 2954
74 96 148 150 Lac.
160 89 312 146 xxxviii.
326 91 496 148 creadda.
509 92 866 164 [U.C.565.A.C.1a7.]435

10 244 13 249 .
56 202 131 253 inter
150 198 301 265 scriptores
312 212 405 250 rerum
424 198 564 266 discrepat
575 199 682 262 solum,
700 199 750 251 sed
763 201 866 252 oratio·

10 294 15 322 ε
55 286 106 322 nes
119 283 237 335 quoque,
253 267 372 318 simodo
384 269 507 334 ipsorum
520 274 592 331 sunt,
603 283 674 336 quac
686 269 821 331 feruntur,
834 269 863 322 P.

10 372 12 391 ÷
57 337 199 405 Scipionis
211 343 239 389 et
251 338 294 388 Ti.
307 337 441 403 Gracchi,
461 338 613 391 abhorrent
625 339 697 391 inter
706 355 744 390 se.
780 339 866 391 index

10 434 15 459 ·.
58 407 198 461 orationis
213 407 244 458 P.
256 407 395 473 Scipionis
411 409 560 460 nomemM.
572 408 672 460 Naevii
686 408 792 460 tribuni
808 409 866 475 ple·

10 499 17 531 :
57 480 102 531 bis
121 476 217 528 habet:
240 478 302 544 ipsa
318 479 409 528 oratio
426 478 485 531 sine
497 477 607 530 nomine
623 485 666 530 est
682 480 864 530 accusatoris.
888 502 891 507 ·

10 567 18 602 r
58 545 233 600 Nebulonem
252 546 350 604 modo,
371 546 455 622 modo
473 553 637 614 nugatorem
652 549 786 616 appellat.
822 548 865 599 Ne

10 636 21 671 r
57 613 179 669 Gracchi
191 613 301 681 quidem
314 619 405 662 oratio
418 623 465 667 aut
472 617 659 680 Petilliorum,
671 624 865 670 accusatorum

10 712 14 739 ·.
57 684 195 745 Africani,
216 687 264 733 aut
283 680 340 732 diei
352 679 444 731 dictae
454 685 584 739 Africano
595 686 682 738 ullam
694 688 864 740 mentionem

10 776 24 809 r:
43 755 152 815 „habeb
175 753 239 804 Alia
249 756 312 802 tota
323 749 442 800 serenda
453 749 599 807 fabulatast
610 754 731 808 Gracchi
741 759 866 809 orationi

12 846 21 865 r
59 822 238 877 conveniens:
250 826 278 872 et
289 819 335 870 illi
347 824 474 872 auctores
486 825 619 887 sequendi
628 832 701 891 sunt,
713 827 769 895 qui,
781 843 864 894 quum

10 918 16 947 .-
57 894 91 946 L.
104 893 197 960 Scipio
210 896 238 943 et
249 894 404 954 aecusatus,
426 895 455 942 et
466 889 612 942 damnatus
625 893 663 942 sit
674 898 807 959 pecuniae
822 913 866 948 cn-

10 990 17 1021 i
57 970 124 1035 ptae
142 964 176 1016 ab
194 976 275 1031 rege,
295 960 419 1027 legatum
438 960 467 1010 in
477 961 591 1010 Etruria
610 959 695 1012 fuisse
705 964 865 1017 Africanum

10 1058 17 1092 s
56 1035 187 1088 traduntt
204 1048 257 1100 quo
268 1038 331 1098 post
342 1029 445 1082 faniam
458 1028 492 1081 de
503 1028 600 1079 fratris
611 1044 676 1080 casu
687 1031 811 1096 allatam,
823 1050 865 1086 ro·

10 1128 20 1161 r
56 1106 126 1158 licta
136 1103 289 1171 legatione,
314 1099 471 1151 cucurrisse
490 1113 552 1150 eum
563 1098 695 1164 Romam;
718 1107 760 1163 et,
782 1119 864 1170 quum

10 1200 18 1232 ς
57 1191 77 1227 a
88 1179 171 1242 porta
183 1177 260 1225 recta
275 1169 413 1222 adfurum
433 1185 462 1221 se
480 1168 657 1231 contulisset,
679 1168 752 1236 quod
768 1171 796 1221 in
806 1173 864 1222 rin·

10 1270 21 1301 :
59 1245 123 1297 cula
141 1243 206 1295 duci
223 1240 340 1293 fratrem
357 1239 460 1291 dietum
477 1243 550 1300 erat,
570 1238 707 1305 repulisse
721 1255 865 1307 acorpore

10 1342 21 1373 ;
59 1314 120 1366 eius
137 1313 287 1365 viatorem:
299 1315 338 1369 ¹et
356 1309 474 1361 tribunis
486 1308 686 1371 retinentibus,
707 1312 798 1377 magis
809 1311 864 1377 pie,

10 1410 22 1445 ι
59 1399 141 1453 quam
154 1382 283 1444 civiliter,
293 1379 347 1430 vim
360 1378 467 1439 iecisse.
482 1379 556 1430 Hinc
567 1380 638 1430 enim
650 1380 711 1445 ipse
722 1379 864 1433 Gracchus

10 1466 23 1513 ’ς
59 1454 201 1523 queritur,
221 1450 386 1502 dissolutam
407 1451 614 1517 esseaprivato
626 1450 804 1501 tribuniciam
817 1466 865 1516 po·

16 1560 23 1571 .
58 1529 203 1576 testatem:
227 1526 255 1573 et
272 1520 307 1571 ad
318 1527 500 1587 postremum,
522 1534 604 1587 quum
617 1519 750 1570 auxilium
762 1520 796 1572 L.
808 1519 866 1571 Sci-

10 1604 23 1657 }
58 1593 134 1661 pioni
145 1590 302 1659 pollicetur,
320 1589 427 1653 adiicit,
449 1588 650 1641 tolerabilioris
662 1590 783 1656 exempli
796 1604 865 1652 esse,

59 1679 76 1715 a
94 1662 205 1713 tribuno
221 1659 309 1726 plebis
319 1660 427 1727 potius,
448 1675 530 1727 quarn
543 1675 560 1710 a
570 1659 690 1727 privato,
711 1659 815 1712 uictam
825 1660 865 1709 vi·

10 1760 23 1795 2
59 1733 119 1784 deri
132 1737 160 1784 et
170 1728 349 1782 tribuniciam
360 1735 573 1797 potestatem,et
583 1728 782 1796 rempublicam
794 1745 874 1781 essu..

10 1830 23 1865 .
58 1801 113 1854 Sed
126 1803 166 1853 ita
176 1799 248 1851 hanc
258 1815 340 1850 unam
351 1800 533 1866 impotentem
550 1800 609 1850 cius
620 1799 749 1851 iniuriam
760 1798 865 1851 invidia

10 1900 24 1933 ι
60 1872 218 1941 onerat,'ut,
236 1869 404 1935 increpando
417 1868 489 1937 quod
500 1870 675 1936 degenerarit
686 1875 795 1921 tantum
807 1886 824 1922 a
834 1885 866 1920 se

10 1971 23 2004 Ι
58 1941 134 2008 ipse,
156 1939 313 1991 curnulatas
333 1939 360 1990 ei
378 1945 488 1992 veteres
508 1939 606 1990 laudes
622 1939 822 1992 moderationis
837 1948 865 1991 et

10 2024 24 2071 a
58 2010 262 2076 temperantiae
283 2023 333 2076 pro
355 2007 569 2075 reprehensione
591 2009 732 2075 praesenti
754 2010 864 2062 reddat.

10 2107 25 2142 ς
60 2080 234 2148 Castigatum
246 2079 320 2129 enim
332 2078 472 2144 quondam
483 2080 517 2131 ab
529 2093 562 2130 eo
574 2079 715 2145 populum,
726 2080 777 2143 ait,
808 2079 865 2130 uod

10 2176 24 2211 ρ
60 2165 121 2202 eum
138 2155 302 2215 perpetuum
319 2149 458 2200 consulem
479 2155 508 2202 et
519 2148 685 2201 dictatorem
696 2098 865 2203 velletiace·

10 2244 24 2281 u
57 2232 101 2271 re:
121 2217 294 2286 prohibuisse
304 2222 411 2268 statuas
422 2217 476 2268 sibi
487 2218 514 2269 in
527 2219 648 2282 comitio,
663 2221 691 2269 in
704 2217 822 2278 Rostris,
835 2217 864 2267 in

10 2316 24 2351 3
58 2288 145 2352 curia,
163 2288 192 2340 in
202 2286 352 2354 Capitolio,
371 2287 401 2339 in
412 2287 655 2355 cellalovisponi:
679 2285 863 2354 prohibuisse,

10 2386 24 2422 Ι
57 2374 92 2410 ne
104 2358 311 2419 decerneretur,
332 2362 364 2408 ut
381 2356 475 2426 imago
494 2374 545 2410 sua
560 2355 722 2423 triumphali
737 2359 864 2407 ornatae

10 2456 23 2492 ς
58 2428 164 2495 templo
176 2428 250 2479 lovis
262 2427 368 2494 Optimi
378 2427 498 2479 Maximi
507 2428 605 2480 exiret.

10 2526 18 2559 ι
111 2496 196 2550 LVli.
217 2497 310 2560 Ilaec,
331 2498 373 2550 sel
387 2498 416 2549 in
427 2497 594 2550 laudatione
601 2493 892 2562 peritissimum

10 2582 12 2587 ·
54 2566 272 2634 niagnitudincm
286 2568 376 2623 animi
386 2569 579 2626 moderandis
591 2551 917 2628 auexsusmbwirm

42 2631 426 2711 ¹¹0¹¹⁰rlbt1³signffiffimt‚
451 2659 533 2716 ‘luae
552 2626 777 2759 expxrzobngnao
785 2615 902 2663 anxium

654 2719 672 2755 Q.
