1838 2954
275 38 398 88 pateuut.
434 39 498 72 noe
518 39 547 72 er
562 39 674 72 rouorrs
689 38 717 70 ru
738 39 824 88 regns
842 39 906 87 eopr

275 90 388 157 perinde
406 106 488 157 quum
505 90 561 140 alia
575 91 680 156 specie,
701 95 759 139 turn
777 91 906 141 eminenti

274 161 349 211 inter
362 165 484 210 armatos
497 158 660 237 elephantis,
677 174 807 226 magnum
820 166 906 211 terror

275 230 333 280 bat.
349 230 477 296 Ingentes
488 229 542 293 ipsi
554 237 645 280 erant:
658 229 797 280 addebant
809 231 906 295 speeie:

277 305 306 350 ct
321 297 435 360 cristae,
459 304 486 350 et
503 305 583 366 tergo
606 299 753 364 impositae
774 307 880 362 turres,
902 315 906 344 l

277 373 478 435 superstantes,
489 376 599 435 praeter
611 376 756 429 rectorem,
769 370 898 436 quaterni

276 438 352 490 latus
377 438 506 490 dextrum
527 437 748 505 phalangitarum
771 439 848 490 mille
868 447 897 489 et

277 509 386 575 equites
403 508 651 575 Gallograecorum
668 509 807 575 opposuit.
843 509 897 558 His

278 579 402 645 equitum
424 579 606 630 loricatorum
628 578 840 642 (cataphractos
855 578 906 644 ipsi

278 648 415 698 adiunxit.
442 649 546 699 Addita
555 648 598 698 his
610 649 656 698 ala
667 648 746 697 mille
759 648 846 700 ferme
859 663 906 713 equ

277 731 324 766 rna
335 730 395 765 earn
406 718 550 767 vocabant.
584 716 661 766 Medi
674 723 754 766 erant
765 717 831 767 lecti
842 717 906 778 viri,

278 784 400 849 regionis
413 784 493 834 mixti
504 785 653 834 multarum
667 785 906 852 gentiumequites

279 852 323 904 his
342 867 411 919 grex
426 853 566 905 sexdecim
591 854 803 921 elephantorum
824 862 867 906 est
890 871 906 906 o

280 921 425 976 subsidiis:
449 924 482 974 ab
495 923 591 974 cadem
603 931 692 989 parte,
712 925 866 989 paullulum
878 939 906 990 pr

280 1008 330 1056 nu,
349 991 428 1060 regia
438 991 538 1044 cohors
549 1001 621 1044 erat:
645 994 843 1060 argyraspides
856 1010 873 1044 a
884 1011 906 1061 g¹

279 1078 341 1114 rum
354 1061 574 1128 appellabantur.
593 1060 690 1113 Dahae
702 1062 906 1129 deinde‚equite

280 1131 359 1182 mille
372 1138 400 1182 et
410 1131 534 1183 ducenti:
551 1137 608 1181 tum
622 1132 693 1182 levis
705 1137 848 1183 armatura
858 1133 906 1182 trir

280 1200 343 1266 pari
355 1200 440 1252 ferme
452 1216 564 1252 numero
576 1216 640 1267 pars
649 1201 802 1263 Cretenses,
813 1203 906 1266 pars'I

61 1239 69 1251 ‘
123 1272 154 1296 ‘
235 1318 238 1323 ,
283 1268 375 1320 millia
386 1275 414 1320 et
425 1270 651 1337 quingentiMysi
662 1269 803 1338 sagittarii
814 1270 857 1320 his
867 1269 902 1320 ad

281 1339 445 1391 Extremum
463 1355 548 1391 cornu
563 1339 729 1391 claudebant
751 1344 885 1406 quattuor
900 1354 906 1388 ι

283 1408 395 1454 Cvrtaei
408 1407 573 1454 funditores.
585 1419 612 1454 et
623 1409 750 1454 lllvrnaei
763 1408 907 1455 snrittarir'
