1838 2954
288 26 292 31 .
819 26 859 63 ,Ἴ

72 107 107 157 os
226 105 259 157 r.
276 103 384 159 arun
406 102 605 171 [messan
618 100 650 155 c.
665 104 734 174 aa]

75 223 106 267 ut
118 216 261 270 onerariae
281 231 365 268 naves
387 216 417 266 in
439 215 530 267 sinum
550 215 676 267 venirent
688 214 859 269 Ambracium

73 289 143 353 ipse,
163 300 328 354 progressus
348 285 464 338 modicis
485 284 641 347 itineribus,
662 290 761 352 quarto
785 285 833 338 die
853 287 859 338 i

75 362 169 411 rnonte
191 356 319 408 Cercetio
339 356 435 422 posuit
456 360 557 416 castra,
579 355 678 406 eodem
699 355 859 422 Amynanda

76 442 138 477 cum
148 425 207 478 suis
219 425 331 479 auxiliis
343 425 449 488 accito;
465 439 521 475 non
532 429 590 475 tam
600 425 702 477 virium
713 426 774 478 eius
785 439 859 492 egen

75 509 157 562 quam
166 500 197 547 ut
203 493 288 545 duces
300 491 508 546 inThessaliam
519 492 644 548 haberet.
661 493 809 549 abeodem
819 510 859 549 cor

74 564 138 614 silio
159 569 188 616 et
196 563 323 631 plerique
334 562 513 630 Epirotarum
523 563 674 621 voluntarii
690 562 859 621 interualli

75 648 139 685 acce
160 632 191 684 ti.

126 647 189 755 ἐν.
208 700 331 755 Primam
352 702 465 755 urbium
476 698 641 753 Thessaliae
658 700 820 755 Phaloriam
838 717 859 758 es

74 787 231 840 eggressus.
266 770 330 824 Duo
342 771 432 824 millia
442 771 628 823 Macedonum
637 769 666 823 in
676 773 821 839 praesidio
833 772 859 827 hs

72 844 167 905 behet,
188 842 235 909 qui
245 845 334 910 primo
345 855 454 894 summa
463 841 493 892 vi
501 840 679 904 restiterunt,
693 848 827 908 quantum
837 859 859 897 ai

74 927 128 975 nra,
140 918 272 979 quantum
284 912 395 965 moenia
403 910 479 963 tucri
489 915 634 978 potestati
645 911 695 965 sed
707 914 859 982 oppugnati

74 983 215 1045 continua,
223 997 279 1034 uon
289 981 343 1045 die,
354 997 410 1036 non
420 987 503 1034 nocte
513 981 639 1044 remissa,
649 996 731 1049 quum
742 982 859 1036 consuli

74 1066 107 1104 eo
118 1053 193 1105 verti
204 1052 331 1107 crederet
343 1058 499 1106 ceterorum
509 1049 710 1105 Thessalorum
722 1052 844 1116 animm,
854 1068 859 1105 ι

73 1122 156 1190 primi
164 1121 222 1175 rim
232 1122 387 1177 Romanam
397 1137 454 1177 non
473 1122 687 1185 sustinuissent,
704 1121 775 1175 vicit
795 1128 859 1190 pert

73 1193 182 1245 naciam
191 1191 387 1247 Macedonum.
424 1193 514 1261 Capta
525 1191 673 1255 Phaloria,
688 1190 778 1259 legati
793 1192 859 1245 able

72 1261 180 1329 tropoli
200 1267 230 1313 et
243 1278 261 1314 a
270 1263 353 1316 Piera
367 1263 499 1317 dedentes
510 1263 592 1315 urbes
604 1267 749 1315 venerunt.
783 1259 859 1315 Veni

72 1331 342 1398 iisdempetentibus
353 1332 443 1386 datur.
461 1331 595 1387 Phaloria
604 1332 719 1386 incensa
729 1330 859 1399 acdirept

74 1406 126 1453 est.
162 1399 229 1453 lnde
239 1401 386 1470 Aeginium
396 1402 479 1470 petit.
516 1402 604 1464 Quem
625 1403 718 1455 locum
734 1416 859 1468 quamve

73 1468 184 1522 modico
191 1473 330 1538 praesidio
343 1478 434 1525 tutum
445 1488 479 1525 ac
488 1487 574 1539 prope
585 1471 858 1537 inexpugnabilem

74 1539 170 1602 disset,
182 1540 277 1608 paucis
289 1544 318 1593 in
329 1543 481 1594 stationem
491 1541 648 1608 proximam
660 1539 727 1592 telis
737 1540 859 1593 coniecti

73 1610 109 1662 ad
121 1609 313 1679 Gomphorum
331 1612 473 1679 regionem
488 1626 588 1679 agmen
600 1610 700 1663 vertitr
719 1609 859 1678 degressus

74 1695 127 1746 que
139 1682 169 1731 in
180 1696 291 1749 campos
297 1681 560 1748 Thessaliae,quum
570 1681 626 1733 iarn
638 1680 732 1732 omnia
742 1681 859 1733 exerciti

74 1750 211 1813 deessent,
224 1752 471 1818 quiaEpirotarum
483 1755 645 1819 pepercerat
656 1750 740 1818 agris,
753 1751 859 1817 explora

73 1824 104 1870 to
117 1823 189 1880 ante,
200 1827 293 1870 utrum
304 1820 469 1884 Leucadem,
482 1839 516 1872 an
528 1822 617 1872 sinum
628 1821 807 1872 Ambracium
817 1836 859 1873 one

72 1889 166 1940 rariae
177 1889 342 1953 tenuissent,
357 1890 556 1943 frumentatum
566 1890 740 1942 Ambraciam
751 1890 780 1941 in
789 1890 859 1943 riser

73 1956 204 2010 cohortes
215 1959 300 2011 misit.
336 1961 373 2010 Et
394 1966 436 2012 est
451 1960 505 2012 iter
519 1976 536 2011 a
548 1958 683 2026 Gomphis
695 1959 859 2013 Ambracian

73 2028 147 2079 sicut
157 2027 321 2095 impeditum
332 2045 365 2081 ac
377 2026 502 2092 difficile,
514 2030 555 2081 ita
566 2030 657 2096 spatio
671 2028 810 2096 perbrevi.
838 2030 859 2081 Ιι

73 2106 119 2149 tra
128 2112 233 2164 paucos
244 2100 340 2165 itaque
351 2100 419 2161 dies,
431 2101 597 2152 transvectis
609 2117 626 2152 a
637 2098 708 2151 mari
719 2105 859 2153 commeat

73 2168 134 2230 bus,
144 2168 252 2233 repleta
262 2168 336 2219 onrni
347 2184 440 2222 rerum
452 2170 533 2235 copia
543 2175 606 2221 unt
612 2175 714 2222 castra.
726 2170 859 2223 lndehtrt

74 2252 134 2290 cem
146 2244 188 2289 est
199 2235 350 2303 profectus.
386 2241 490 2292 Decem
506 2239 593 2293 ferme
612 2240 703 2292 millia
719 2239 753 2291 ab
764 2239 859 2295 Larisa

74 2307 168 2358 abest:
191 2321 226 2359 ex
237 2306 406 2361 Perrhaebia
416 2309 528 2361 oriundi
539 2315 616 2362 sunt:
639 2313 694 2362 sita
705 2317 748 2362 est
759 2310 826 2361 urbs
835 2326 859 2362 si

73 2391 122 2441 per
131 2376 251 2429 Peneum
264 2392 380 2431 amnem.
417 2379 496 2431 Nihil
512 2381 688 2448 trepidavere
701 2377 833 2433 Thessali
844 2395 859 2432 a

72 2447 193 2510 primum
209 2447 353 2500 adventurn
365 2449 562 2503 Romanorum.
591 2451 629 2503 Et
639 2450 795 2518 Philippus,
805 2450 859 2502 sicu

72 2516 100 2564 in
111 2515 286 2570 Thessaliam
297 2518 357 2585 ipse
368 2520 502 2588 progredi
512 2536 565 2572 non
579 2521 713 2582 audebat,
729 2521 787 2583 ita,
803 2521 859 2572 intr

75 2585 181 2649 Tempe
190 2589 299 2640 stativis
309 2591 419 2656 positis,
427 2596 458 2640 ut
470 2591 584 2658 quisque
596 2592 676 2644 locus
687 2591 722 2642 ab
728 2589 810 2643 hoste
821 2599 859 2643 ter

57 2651 185 2720 assatur,
192 2660 345 2724 praesidia
355 2675 408 2731 per
420 2660 585 2722 occasiones
595 2661 794 2714 summittebat.
