1838 2954
23 95 44 131 a.
56 71 210 132 xxxviii.
224 78 299 132 Clu.
310 74 354 161 ³⁷:
364 75 409 146 [U.
417 76 511 132 (1.564.
521 79 590 132 Ac.
599 78 666 148 188]
689 79 743 134 1111

35 184 227 238 hibernantem
247 187 277 237 in
286 186 369 249 Asia,
388 187 545 254 legationes
564 188 686 254 undiquc
708 201 744 240 ex

23 271 67 308 sus
84 256 243 308 civitatibus
259 257 457 323 gentibusque,
478 271 548 324 quae
562 257 743 309 cis'l'aurum

23 341 60 377 em
72 325 211 389 incolunt,
234 326 448 377 conveniebant:
471 333 499 377 ct
510 331 542 376 ut
554 326 656 378 clarior
666 327 744 378 nobi·

23 411 49 447 re
59 397 316 447 victoriaRomaais
328 396 362 447 de
373 395 579 462 regeAntiocho
592 395 744 464 fuit‚quam

23 465 91 530 illis3
111 466 151 518 ita
162 467 264 517 laetior
273 466 357 517 sociis
369 472 430 516 erat
446 465 480 516 de
491 464 595 527 Gallis,
616 466 744 534 quamde

25 533 85 586 cho.
121 535 312 588 Tolerabilior
321 535 401 603 regia
410 535 531 586 servitus
542 534 648 599 fuerat,
659 550 744 604 quam

23 604 209 656 simmanium
227 605 425 667 barbarorum,
445 604 623 672 incertusque
638 606 667 656 in
683 605 744 657 dies

23 689 46 736 r,
68 689 123 741 quo
135 675 211 726 velut
222 681 375 741 tempestas
386 689 434 726 eos
444 676 608 741 populantes
620 674 744 727 inferret.

23 759 44 807 e,
56 745 195 812 atquibus
208 745 338 807 libertas,
349 744 485 797 Antiocho
497 744 592 812 pulso,
604 760 666 814 pax,
680 745 747 799 Gal·

25 814 112 875 mitis,
134 814 201 866 data
213 820 299 877 essct,
319 821 373 866 non
385 816 559 882 gratulatum
569 815 653 866 medo
665 829 747 867 vene·

23 882 71 935 sed
82 897 198 935 coronas
210 885 294 936 etiam
305 899 418 948 aureas,
439 899 491 950 pro
502 888 559 935 suis
570 898 695 951 quaeque
705 883 746 935 fa·

23 952 101 1015 ibus,
121 953 280 1006 attulerant.
316 954 354 1005 Et
365 954 400 1004 ab
411 953 547 1006 Antiocho
558 953 659 1020 legati,
670 960 698 1005 et
709 954 746 1005 ab

23 1021 121 1087 Gallis,
133 1030 164 1076 ut
175 1025 252 1090 pacis
264 1024 342 1091 leges
354 1022 527 1085 dicerentur,
549 1028 578 1074 et
588 1022 623 1073 ab
632 1022 746 1074 Ariara-

23 1107 64 1160 ege
71 1093 265 1161 Cappadocum
276 1097 419 1155 venerunt,
427 1091 462 1144 ad
472 1092 580 1144 veniam
590 1089 747 1158 petendam,

25 1177 124 1229 amque
144 1165 263 1230 pecunia
281 1177 397 1224 noxam,
425 1161 499 1229 quod
521 1161 633 1214 auxiliis
651 1161 749 1212 Antio-

36 1231 163 1284 iuvisset.
199 1233 274 1285 Huic
288 1236 420 1285 sexcenta
438 1232 544 1284 talenta
558 1232 666 1300 argenti
681 1233 749 1281 sunt

23 1307 86 1353 ata.
124 1302 213 1354 Gallis
233 1317 412 1369 responsum,
432 1317 515 1371 quum
536 1301 675 1354 Eumenes
696 1313 748 1352 rex

23 1377 71 1434 set,
83 1377 142 1424 tum
154 1372 282 1423 daturum
295 1374 328 1424 iis
339 1373 425 1440 leges.
458 1371 618 1425 Civitatium
628 1370 748 1436 legatio·

23 1458 61 1493 rm
72 1442 201 1509 benignis
211 1443 360 1509 responsis,
370 1443 501 1494 laetiores
514 1444 599 1494 etiam
610 1455 691 1507 quam
702 1454 748 1490 rc·

23 1517 50 1574 n,
62 1511 202 1564 dimissae.
236 1511 366 1564 Antiochi
376 1514 463 1579 legati
474 1512 619 1580 pecuniam
629 1511 657 1560 in
667 1507 747 1560 Pam·

23 1596 79 1644 am,
101 1580 324 1649 frumentumque
341 1596 376 1634 ex
391 1589 473 1650 pacto
491 1597 551 1634 cum
568 1581 601 1632 L.
614 1577 746 1645 Scipione

25 1666 55 1703 re
71 1652 141 1701 iussi
159 1650 307 1716 advehere3
328 1666 361 1704 eo
379 1667 486 1704 secum
504 1650 631 1705 exercitu
650 1654 747 1701 uentu·

44 1720 187 1788 Principio
199 1722 299 1774 deinde
308 1721 391 1784 veris,
401 1722 520 1773 lustrato
533 1718 672 1781 exercitu,
683 1732 746 1785 pro·

23 1806 45 1853 r,
57 1791 103 1842 die
115 1798 214 1842 octavo
225 1793 373 1857 Apameam
384 1792 468 1843 venit.
503 1791 546 1842 lbi
555 1788 680 1841 triduum
691 1794 746 1838 sta·

23 1860 136 1926 habitis,
162 1862 256 1914 tertiis
276 1876 373 1911 rursus
396 1861 430 1911 ab
451 1862 573 1928 Apamea
595 1859 694 1926 castris
716 1859 745 1908 in

23 1929 147 1998 hyliam,
169 1946 225 1998 quo
240 1931 386 1998 pecuniam
405 1929 630 1996 frumentumque
650 1928 745 1997 regios

23 1998 95 2052 there
106 2002 239 2063 iusserat,
259 1998 396 2066 pervenit.
433 1997 495 2050 Duo
510 1999 601 2050 millia
620 2004 648 2049 et
667 1999 747 2065 quin·

23 2071 143 2122 ,talenta
162 2072 272 2137 argenti
296 2073 410 2133 accepta
425 2071 576 2134 Apameam
598 2068 745 2134 deportan-

23 2138 189 2191 frumentum
200 2140 336 2192 exercitui
348 2138 489 2190 dividitur.
501 2140 567 2191 lnde
579 2137 615 2190 ad
625 2137 746 2204 Pergam

23 2228 29 2260 ι
50 2225 119 2276 quae
127 2206 185 2260 'una
195 2210 224 2259 in
235 2209 270 2260 iis
288 2208 358 2259 locis
374 2208 453 2276 regio
472 2210 620 2260 tenebatur
639 2203 746 2271 praesi-

23 2279 249 2347 lppropinquanti
261 2277 417 2347 praefectus
429 2278 560 2346 praesidii
572 2274 670 2326 obvius
681 2273 745 2334 fuit,

23 2355 56 2400 ‚ta
68 2348 174 2400 dierum
185 2355 293 2415 tempus
305 2355 409 2415 petens,
428 2355 460 2399 ut
469 2361 563 2413 regem
575 2341 744 2395 Antiochum

23 2418 54 2472 he
64 2417 201 2471 tradenda
212 2419 380 2472 consuleret.
401 2412 764 2482 Batotempormhaaxa

23 2488 164 2554 praesidio
182 2488 333 2544 decessum
352 2497 407 2544 est.
446 2485 596 2550 Uargula
608 2470 803 2568 bffiffimq

28 2572 89 2607 0¹¹⁰¹
109 2565 252 2627 quattuor
272 2563 409 2617 militaus
425 2559 565 2614 missam
578 2540 751 2608 oxomam
764 2543 790 2573 ³

23 2640 52 2675 m
60 2632 212 2693 pecuniae
224 2651 268 2691 ex
285 2653 343 2705 eo,
364 2633 454 2708 quod
465 2619 687 2703 pepigero-uis
703 2600 803 2655 2⁹⁹3*
