1838 2954
135 296 167 349 18
286 297 316 348 1¹.
334 294 441 348 L1v11
458 294 503 363 [U.
515 295 545 348 C.
557 292 614 349 552.
625 296 659 349 A.
671 295 701 347 C.
712 294 783 365 roo]
802 301 805 307 '

137 400 203 452 dere
214 416 274 452 eum
286 401 404 466 singulis
414 399 594 451 vestimentis.
624 398 731 460 Quibus
743 414 827 466 quum
835 400 865 452 Pl

136 485 189 536 pus
198 469 270 521 nihil
280 470 383 536 pacati,
400 469 457 521 uisi
467 470 560 520 omnia
570 468 807 534 permittentibus,
826 484 865 531 res

138 539 237 603 disset3
252 542 324 591 adeo
335 538 495 591 renuntiata
505 538 574 591 haec
584 539 689 605 legatio
702 539 736 590 ab
748 538 864 607 indigna

138 608 222 659 simul
232 622 265 660 ac
275 609 469 677 desperatione
478 609 549 660 iram
561 609 703 673 accendit,
715 614 755 671 ut,
766 608 803 660 ad
813 608 865 677 Sap

138 694 202 729 nam
212 679 319 730 rabiem
330 678 418 741 versi,
436 684 579 730 matronas
604 693 699 730 omnes
718 678 865 744 intemplo

138 762 203 811 nae,
223 764 325 816 pueros
341 749 491 817 ingenuos,
510 749 702 816 virginesque,
721 747 865 800 infantes·

138 833 200 869 eum
210 819 268 869 suis
278 818 442 880 nutricibus,
457 818 486 867 in
495 820 671 885 gymnasium
683 818 789 867 includi
804 818 865 870 iube

139 902 237 939 aurum
250 893 278 939 et
290 895 435 954 argentum
446 887 474 937 in
485 888 577 938 forum
589 886 702 949 deferri,
722 891 829 939 restem
842 904 865 954 p]

138 973 198 1019 som
208 958 237 1008 in
249 974 333 1010 naves
344 956 480 1011 Rhodiam
493 956 722 1023 Cyziceuamque,
735 972 805 1023 quae
817 958 846 1007 in
858 973 865 1023 p

138 1032 229 1092 erant,
239 1026 360 1095 congeri,
375 1026 537 1079 sacerdotes
547 1026 732 1093 victimasque
741 1026 857 1088 adduci,

138 1098 210 1149 teria
221 1100 248 1146 in
259 1097 352 1148 medio
368 1097 443 1163 poni.
480 1096 524 1146 lbi
546 1095 647 1146 delecti
669 1096 796 1161 primum,
817 1097 864 1162 qui

138 1182 247 1219 caesam
258 1168 347 1218 aciem
358 1180 480 1229 suorum,
501 1179 552 1232 pro
565 1165 657 1216 diruto
675 1180 752 1215 nruro
765 1181 866 1232 pugnar

137 1237 289 1299 vidissent,
309 1237 451 1303 extemplo
474 1235 604 1302 coniuges
625 1234 786 1301 liberosque
806 1237 865 1286 inte

137 1312 214 1370 rent3
226 1322 334 1369 aurum,
344 1313 505 1376 argentum,
516 1312 676 1371 vestemque
683 1340 691 1365 ,
709 1306 817 1371 quaein
828 1321 865 1356 na

139 1383 221 1438 esset,
232 1378 260 1427 in
274 1392 350 1428 mare
362 1378 527 1437 delicerent3
537 1376 621 1427 tectis
633 1375 753 1440 publicis
764 1375 866 1440 privati

139 1461 222 1512 quam
233 1446 360 1511 plurimis
373 1447 572 1511 locispossent,
582 1444 660 1510 ignes
671 1445 852 1508 subiicerent3

138 1531 169 1566 se
188 1514 297 1565 facinus
317 1521 538 1580 perpetraturos,
558 1515 756 1579 praeeuntibus
772 1528 865 1565 cxseer

139 1599 249 1636 carmen
259 1584 462 1646 sacerdotibus,
484 1583 662 1634 iureiurando
676 1583 779 1634 adacti:
800 1590 859 1634 tum

138 1654 209 1706 turis
223 1660 300 1705 aetas
315 1654 428 1717 iurare,
450 1654 586 1705 neminem
598 1655 709 1715 virum,
733 1654 787 1703 nisi
801 1655 865 1705 rietr

139 1727 199 1776 acie
210 1739 397 1776 excessurum.
433 1725 482 1787 Hi,
493 1738 629 1774 memores
641 1722 765 1785 deorum,
779 1723 850 1775 adeo
863 1740 865 1747 ’

139 1795 245 1847 nacitor
255 1801 462 1862 pugnaverunt,
473 1799 516 1856 ut,
538 1809 620 1859 quum
631 1809 686 1843 nox
698 1795 835 1859 proelium
847 1794 864 1844 d

139 1872 224 1932 ptura
235 1873 320 1926 esset,
332 1880 380 1915 rex
391 1866 481 1931 prior,
501 1864 616 1915 territus
628 1865 706 1914 rabie
723 1878 832 1926 eorum,
855 1881 865 1930 p

140 1935 293 1986 abstiterit.
305 1935 462 2000 Principes,
482 1935 580 2000 quibus
592 1935 714 1984 atrocior
729 1949 794 1999 pars
810 1930 865 1984 faci

142 2004 270 2070 delegata
281 2010 350 2064 erat,
371 2019 453 2069 quum
466 2019 569 2070 paucos
590 2010 618 2054 et
628 2001 772 2054 conlectos
787 2004 865 2056 vulno

140 2088 174 2125 ao
183 2073 350 2124 lassitudine
361 2088 505 2139 superesse
517 2075 626 2139 proelio
638 2079 798 2135 cernerent,
821 2074 865 2125 luo

140 2159 186 2195 ma
197 2143 358 2195 sacerdotes
370 2159 431 2195 cum
447 2143 546 2195 infulis
562 2144 597 2196 ad
608 2146 705 2196 urbem
717 2142 865 2195 dedendan:

140 2214 217 2282 lippo
229 2215 353 2264 mittunt.

196 2283 293 2334 XVlll.
304 2287 374 2334 Ante
387 2282 555 2335 deditionem
576 2298 610 2334 ex
630 2283 665 2332 iis
685 2283 788 2350 legatis
805 2283 865 2333 Ron

142 2353 189 2419 qui
200 2353 398 2405 Alexandriam
410 2355 487 2404 missi
499 2360 587 2415 erant,
594 2354 632 2402 M.
645 2354 779 2403 Aemilius
790 2353 865 2403 trion

142 2439 225 2474 sensu
236 2424 366 2475 minimus
377 2431 458 2486 natu,
480 2423 575 2474 audita
588 2423 732 2473 obsidione
743 2423 865 2490 Abydeni

143 2493 179 2546 ad
191 2492 347 2560 Philippum
361 2494 444 2544 uenit.
475 2493 536 2555 Qui,
549 2498 661 2558 questus
672 2493 768 2559 Attalo
780 2491 865 2543 Rhodi

143 2579 222 2614 arma
233 2564 321 2625 illata,
343 2570 370 2615 ot
381 2563 453 2630 quod
465 2568 522 2612 tum
541 2564 660 2613 mimimo
672 2563 797 2628 Abydum
810 2578 864 2628 opp

144 2642 194 2696 ret,
208 2650 288 2700 qurum
301 2649 349 2683 rex
363 2637 396 2684 ab
409 2634 502 2684 Attalo
515 2640 543 2682 ct
557 2633 670 2682 lthorliis
682 2634 755 2682 ultro
777 2649 807 2683 se
822 2635 865 2684 bol

145 2708 273 2755 cossitum
286 2705 403 2763 ‹liceret3
428 2702 502 2752 Num
515 2703 633 2770 Abydeni
645 2720 756 2769 piaeque,
768 2704 865 2768 iuquit,

140 2775 194 2823 fibi
206 2776 357 2825 intulerunt
369 2775 465 2823 urum?
495 2774 607 2823 lusueto
627 2775 808 2824 mebandim
825 2773 865 2824 scr

125 2843 223 2889 cretio
236 2844 293 2891 risa
308 2852 358 2907 cst,
370 2860 534 2915 qumnquae
547 2843 678 2897 habenda
687 2843 861 2910 apmlrogcm
