1844 2962
59 40 142 107 *etz-5⁵

59 104 84 155 ,i
121 110 150 151 ·..'

254 66 338 130 gcnto
349 62 384 112 ad
394 39 557 126 Pachynum
569 63 657 122 esset,
678 58 769 110 altera
777 73 796 111 a
804 56 911 129 Pachyr

255 133 335 183 rium.
372 132 443 181 Eam
454 129 620 180 maritimam
632 141 711 178 oram
723 128 757 179 L.
769 127 900 179 Valerius

255 202 333 252 ribus
344 200 436 266 longis
451 198 614 251 custodiret.
642 195 741 247 Eidem
755 197 911 262 praetorin

256 277 287 322 ut
300 270 369 321 duas
381 270 511 321 decumas
524 266 655 317 frumenti
666 266 806 332 exigeret:
818 266 846 317 id
857 267 893 318 ad
907 283 912 318 ι

256 340 422 408 portandum
452 336 697 402 devehendumque
722 335 752 386 in
771 335 912 389 Graeciau

257 411 332 462 ldem
343 409 376 461 L.
387 410 477 476 Oppio
494 409 528 459 de
544 407 641 457 alteris
658 404 781 457 decumis
800 407 912 477 exigent

257 480 334 532 dinia
355 480 531 547 imperatum.
568 478 698 528 ceterum
713 489 770 527 nou
783 475 813 528 iu
832 477 909 531 Grac

257 550 389 612 Romam,
409 548 440 599 id
453 547 624 599 frumentum
642 545 752 613 portari
765 546 890 612 placere.

258 625 386 686 praetor,
406 617 450 668 cui
465 616 563 667 classis
578 621 721 679 evenerat,
741 630 802 667 cum
816 616 912 686 trigiut

258 688 362 755 paratis
372 687 502 737 traiicere
513 685 542 734 in
554 685 702 738 Graeciam
714 687 807 752 prime
820 702 912 756 quoqu

259 760 363 819 iussus,
383 762 411 807 et
423 756 457 807 ab
466 754 552 806 atilio
564 769 648 808 nares
663 757 797 823 accipere.
834 759 912 812 Veter

259 825 371 894 quaein
380 824 526 879 navalibus
538 830 631 888 arent,
646 831 677 877 ut
687 826 816 880 reficeret
828 832 858 881 et
868 844 912 882 arr

257 897 338 949 lunio
349 898 474 964 praetori
485 892 628 964 negotium
639 896 801 961 detumeat,
821 903 852 951 et
867 899 899 951 iu

259 984 317 1023 sem
327 969 421 1021 socios
431 967 545 1020 navales
556 966 705 1019 libertines
716 967 835 1037 legeret.

311 1039 358 1090 ΙΙΙ.
377 1037 479 1106 Legati
498 1037 572 1089 terni
591 1037 621 1088 iu
630 1036 756 1091 Africam
776 1038 812 1090 ad
824 1039 912 1093 Carth

259 1114 288 1162 et
300 1109 328 1159 in
339 1107 502 1160 Numidiam
514 1107 550 1159 ad
561 1106 732 1161 frumentum
752 1110 910 1178 rogandum

260 1177 407 1229 Graeciam
419 1183 591 1244 portaretur,
603 1177 696 1242 miasi3
715 1192 767 1245 pro
778 1194 834 1247 quo
846 1188 912 1248 pret

260 1250 304 1299 ret
319 1247 438 1313 populus
451 1248 599 1301 Romanus.
636 1248 768 1315 Adeoque
787 1250 817 1302 in
838 1266 912 1321 appa

260 1329 376 1381 remque
387 1317 447 1368 eiua
457 1317 526 1369 belli
537 1319 637 1371 ciritae
647 1317 756 1371 intenta
766 1320 830 1384 fuit,
843 1330 876 1376 ut
884 1322 912 1377 Ρ.

38 1372 93 1467 -ξςχτ
125 1380 157 1435 t,
260 1383 359 1437 consul
369 1385 504 1451 ediceret,
527 1386 583 1452 Qui
594 1396 733 1442 senatorer
748 1400 850 1455 errent,
871 1411 912 1463 qa

258 1461 357 1506 teratu
368 1457 531 1509 sententiam
543 1458 632 1511 dicere
644 1458 753 1524 liceret,
774 1461 875 1529 quique
887 1480 912 1516 m

52 1494 59 1533 ⁸·
80 1494 116 1581 ,Γ
138 1516 154 1597 Γ..
256 1522 397 1602 gittratue
407 1533 552 1602 essentque
563 1528 622 1602 quir
635 1545 729 1582 eorum
739 1532 847 1601 longius
857 1534 913 1585 adr
