1838 2954
69 39 120 61 *w
224 39 254 59 ΙΙ
277 39 383 59 “ltu
400 39 598 75 [νονΗΙιΙμΗῠ
609 39 640 58 U!
652 39 706 75 Ιννι

69 89 175 101 ...ι-

67 114 211 165 noluerunt
218 128 228 171 ,¹
238 111 268 164 in
279 126 360 164 manu
370 126 425 164 esse
432 118 590 179 parentum,
596 110 706 183 finum

68 181 137 245 Nos,
153 182 177 233 si
188 180 238 230 diis
244 182 352 247 placet,
370 180 425 233 iarn
436 182 517 234 ctiam
528 180 706 249 rempublicat

68 269 114 303 eas
122 250 257 318 patimur,
268 259 296 302 et
310 251 373 319 foro
379 268 475 320 prope,
487 260 515 303 et
526 251 706 317 concionibus,

67 319 219 372 immisceri.
249 319 323 384 Quid
331 322 402 374 enim
412 338 484 375 nanc
496 322 574 374 aliud
586 338 637 389 per
647 322 706 375 aias

61 391 190 461 faciant,
201 406 280 456 qaam
291 393 460 461 rogationem
471 392 644 445 tribunorum
650 392 706 461 pleb

65 458 428 532 aliaelegemabragandam
440 463 565 516 censent?
582 460 659 516 Date
675 463 706 535 sr

65 528 136 581 tenti
147 538 265 595 naturae
276 542 303 586 et
313 531 445 587 indomito
462 531 591 598 animali,
611 540 640 585 et
656 548 706 600 spe:

65 599 173 650 modum
182 598 311 657 licentiae
325 605 473 675 facturas,
493 602 548 656 nisi
559 618 605 656 ros
614 600 707 674 feceri

65 683 136 721 muas
146 668 197 722 boc
207 686 298 724 earum
309 683 362 736 est,
384 690 454 741 qaae
469 670 562 741 iniquo
579 673 671 726 animo
682 672 706 744 f<

66 739 242 793 autmaribus
252 742 417 811 autlegibas
432 743 558 796 iniuncta
570 742 704 810 patiuntu

66 825 158 862 reram
168 808 337 876 libertatem,
347 810 401 863 ima
414 810 566 874 licentiam,
582 811 620 869 (si
629 829 706 866 aerei

66 884 138 943 mus)
150 878 315 936 desiderant.
353 880 427 946 Quid
436 880 525 946 enirn,
546 880 630 935 sibac
645 898 706 951 capt

65 968 118 1005 non
129 950 290 1006 tentabant?

119 1021 166 1075 111.
186 1020 334 1077 Recensetc
345 1021 436 1076 amnia
446 1020 590 1075 muliebria
599 1020 679 1085 iura,
690 1034 706 1089 a

67 1091 136 1144 tiam
146 1109 238 1146 earum
249 1092 429 1164 alligaverint
438 1091 555 1145 maiores
564 1089 667 1155 nostri,
687 1108 705 1160 p

42 1182 50 1196 ·
66 1161 230 1215 subiecerint
238 1162 321 1214 airis.-
343 1161 439 1230 quibus
455 1162 576 1215 omnibus
592 1161 706 1215 constris

67 1228 409 1300 mencantinerepotestis.
447 1230 538 1296 Quid?
559 1231 707 1299 sicarpese

14 1300 20 1309 “
65 1306 271 1365 extorquerc,et
281 1299 432 1368 exaequari
441 1301 479 1353 aa
487 1300 706 1356 extremumoiril

66 1368 220 1423 tolerabiles
228 1367 300 1422 oobis
310 1370 428 1444 cassare
439 1371 569 1425 creditis?
579 1373 706 1440 cntempla

66 1455 109 1492 res
125 1455 180 1492 esse
191 1439 337 1509 coeperint,
348 1440 498 1509 superiores
511 1450 599 1495 erunt.
636 1440 687 1504 At,
704 1478 706 1491 .

66 1509 133 1577 quid
141 1512 278 1566 aooumin
289 1528 334 1566 eas
344 1520 473 1582 rogetur,
483 1518 625 1564 recusant:
647 1528 701 1565 aon

66 1580 166 1633 iuriam
177 1584 365 1651 deprecantur.
402 1582 459 1635 Iano
470 1590 515 1644 ut,
526 1598 607 1648 arcam
618 1582 706 1646 accepi

65 1649 116 1702 stis
126 1650 273 1721 suffragiis
284 1653 382 1705 vestris
395 1656 487 1722 legem,
499 1669 577 1720 qaam
589 1667 639 1702 neu
650 1658 692 1702 tot
703 1676 706 1700 l

67 1719 228 1783 experienda
238 1722 438 1789 cornprobastis‚
448 1721 517 1774 banc
529 1731 559 1774 ut
572 1720 706 1790 abrogatis

67 1801 148 1838 unam
159 1791 274 1842 tollendo
285 1792 369 1862 legem
380 1801 484 1845 celeras
494 1791 645 1862 infirmetis.
682 1790 706 1843 Ν

66 1856 103 1907 tis
114 1860 251 1911 commoda
263 1862 383 1917 comibus
395 1872 449 1915 est:
461 1863 490 1914 iel
499 1865 575 1915 modo
588 1861 706 1928 qsaaerita

66 1925 92 1976 ri
98 1926 180 1991 parti
190 1937 216 1979 et
225 1929 254 1980 in
264 1946 395 1985 summane
403 1934 522 2001 prodest.
553 1931 591 1995 Si,
603 1932 672 2000 qnod
682 1947 706 1982 cr

65 1993 149 2046 vatim
160 1994 264 2062 officiet
273 1998 324 2063 ias,
335 2002 365 2053 id
375 2004 496 2054 destruet
506 2019 539 2054 ac
550 2001 706 2054 elernola'etur

66 2063 139 2118 nebit
151 2064 286 2118 universos
303 2086 402 2139 rogare
413 2075 498 2141 leges,
520 2090 586 2141 areas
599 2089 660 2124 ason
676 2071 706 2122 ab

65 2149 130 2202 quos
141 2136 216 2188 latae
227 2145 299 2199 sant,
307 2141 432 2207 possint?
456 2141 482 2192 V
480 2146 521 2194 olo
533 2153 621 2195 tamen
631 2140 706 2194 aulis

62 2213 177 2274 propter
193 2208 265 2276 quod
279 2216 422 2263 matronae
438 2223 628 2266 consternatae
646 2229 706 2280 prol

64 2275 94 2327 in
102 2276 250 2343 publicum,
263 2294 296 2329 ac
307 2278 429 2402 niufara
441 2298 469 2332 sc
480 2293 506 2334 et
518 2282 643 2336 concione
654 2283 706 2334 abu

65 2346 169 2412 captiui
179 2348 213 2402 ab
223 2347 353 2400 Hanniba
364 2368 377 2402 e
388 2349 561 2405 redimantur
569 2363 706 2420 parenten

65 2412 99 2473 ri,
105 2417 216 2483 fratres
226 2420 337 2471 earam?
358 2419 463 2472 Procul
473 2422 561 2474 abest:
574 2422 696 2490 absitque

64 2478 101 2560 lis
103 2483 224 2549 fortuna
233 2489 412 2558 reipublicae:
432 2491 592 2555 incitamen,
604 2508 683 2560 quarn
692 2500 706 2561 j

55 2550 374 2629 srestacpauprecttas
387 2577 496 2617 aarum.
536 2562 572 2614 At
586 2560 705 2624 ananiel
