1838 2954
281 39 362 89 cepit.
405 38 486 84 ium,
507 38 631 75 clamore
643 39 678 75 ao
691 39 769 87 tergo
781 39 878 87 captae

280 92 476 161 refugientium
488 91 610 158 undique
623 108 658 143 ex
674 92 753 142 silvis
769 90 878 142 insidial

281 160 357 214 lactu
368 167 418 213 est.
454 160 657 224 AThaumacis
675 162 765 213 altero
783 161 827 212 die
845 175 878 211 co

282 229 378 283 chcum
401 246 509 282 amnem
531 234 671 298 pervenit:
693 231 755 282 inde
765 232 878 298 Hypata

283 301 412 353 vastavit.

333 370 394 424 XV.
414 371 505 434 Quum
515 368 586 423 hacc
597 371 764 439 agebantur,
778 369 874 421 Chalci

283 440 359 503 chus,
370 443 426 494 iam
438 448 498 492 tum
510 458 638 503 cernens,
654 441 724 491 nihil
736 456 765 491 so
777 455 812 491 cx
823 439 878 489 Gru

282 527 401 563 nmoenu
411 511 542 563 Chalcide
553 509 670 562 hiberna
680 517 708 562 et
718 510 837 560 infames
848 526 878 559 nu

282 582 363 632 Tunc
372 582 534 631 Aetolorum
550 597 623 632 vnnn
637 581 777 647 promissa
790 581 878 630 incust

282 656 351 703 tem:
371 649 558 701 Hannibalem
569 664 651 713 vero,
671 665 727 700 non
742 657 773 699 ut
792 649 878 716 prode

282 719 388 782 virum,
410 719 460 770 sed
472 733 559 785 prope
570 727 663 772 vatem
675 720 811 781 omnium,
835 734 878 787 qut

282 794 360 852 rent,
381 788 524 840 admirari.
560 788 602 841 Ne
614 795 709 840 tamen
724 796 831 841 temere
848 806 878 841 cu

282 860 397 925 insuper
418 864 570 921 everteret,
592 859 702 910 nuntios
723 859 752 909 in
771 860 878 911 netolic

284 930 360 981 omni
371 934 519 981 contracta
529 929 688 991 iuventute,
707 929 874 982 convenircn

283 1000 343 1065 lpse
354 1013 388 1051 co
399 998 493 1052 decem
505 999 595 1050 millia
607 998 666 1050 lere
677 998 803 1064 peditum
815 1015 851 1050 ex
861 1001 878 1051 ii

283 1074 416 1119 venerant
438 1084 472 1123 cx
492 1069 570 1132 Asia,
597 1068 722 1134 expleta,
747 1074 775 1120 et
796 1071 878 1135 equiti

283 1134 373 1188 (luxit.
384 1138 446 1201 Quo
458 1154 542 1206 quum
553 1138 697 1205 aliquanto
709 1139 867 1205 pauciores,

282 1211 380 1268 antee,
400 1208 606 1271 convenissent,
628 1208 879 1275 etprincipestunt

282 1276 379 1341 paucis
391 1276 540 1329 clientibus
552 1284 655 1341 essent,
665 1283 751 1345 atque
762 1280 783 1329 ii
794 1279 878 1331 dicen

282 1342 349 1425 ululo
362 1344 397 1395 ob
408 1362 438 1399 so
450 1346 540 1411 facta,
560 1354 592 1399 ut
608 1363 690 1415 quam
712 1348 850 1414 plurimos
872 1367 878 1400 t

283 1426 340 1444 num
355 1424 518 1444 mmm-mn.
541 1433 592 1444 ..nn
605 1419 774 1444 ..natanta-i.A
794 1434 845 1444 ..Μ
858 1435 878 1444 ....
