1844 2962
29 109 832 183 mnxxxmuemnalo.[ocnoaacneqnser

12 223 75 284 dit,
109 218 313 286 quinquaginta
330 219 444 272 talentis
465 213 574 287 argenti
598 219 732 285 acceptis:
764 220 832 270 item

13 287 174 357 Aspendiis
190 289 345 356 ceterisque
355 289 537 356 Pamphyliae
549 289 668 357 populis.
699 290 743 341 Ex
753 287 833 339 Pam·

15 358 127 428 pbylia
137 357 248 410 rediens
260 360 294 411 ad
304 359 418 411 fluvium
429 362 554 410 Taurum
567 361 656 427 primo
669 357 723 420 die,
740 363 833 424 poste·

19 445 52 483 ro
65 428 105 481 ad
115 427 253 494 Xylinen,
273 444 355 496 quam
366 436 479 491 vocant,
504 430 607 481 Comen
623 430 718 496 posuit
728 434 830 481 castra.

20 496 175 551 Profectus
189 497 254 549 inde
270 499 476 551 continentibus
491 498 638 552 itineribus
652 500 687 550 ad
698 501 832 550 Cormasa

23 570 124 623 urbem
146 567 282 633 pervenit.
317 566 410 620 Darsa
429 568 557 635 proxima
575 569 641 620 urbs
661 575 735 621 erat:
762 581 833 628 eam,

24 643 104 690 metu
118 635 275 687 incolarum
292 636 443 698 desertam,
463 637 574 704 plenam
595 639 718 689 omnium
737 652 833 690 rerum

27 706 111 774 copia
126 704 241 757 invenit.
276 706 473 774 Progredienti
487 713 599 773 praeter
613 707 729 774 paludes
744 706 835 774 legati

26 778 62 829 ab
72 774 213 843 Lysinoe,
228 773 363 827 dedentes
374 777 529 841 civitatem,
548 783 690 830 venerunt.
726 778 793 828 lnde
805 779 834 827 in

26 859 126 913 agrum
137 842 366 912 Sagalassenum,
386 845 498 896 uberem
514 847 690 914 fertilemque
702 849 776 898 omni
787 862 834 914 ge·

27 930 94 969 nere
112 912 239 981 frugum,
259 918 373 963 ventum
394 918 446 965 est.
483 915 585 966 Colunt
605 916 730 978 Pisidae,
749 916 834 981 longe

27 983 130 1067 optimi
146 982 221 1035 bello
234 981 356 1050 regionis
368 981 437 1034 elus.
473 983 565 1044 Quum
577 999 610 1034 ea
620 999 664 1034 res
675 985 783 1036 animos
793 984 834 1034 fa·

28 1060 82 1117 cit,
102 1058 161 1104 tum
171 1052 233 1120 agri
242 1050 415 1114 fecunditas,
431 1058 460 1103 et
471 1051 620 1103 multitudo
631 1050 785 1115 bominum,
806 1060 835 1104 et

27 1124 100 1177 sitris
110 1122 185 1174 inter
196 1136 299 1188 paucas
310 1122 435 1173 munitae
445 1121 533 1172 urbis.
560 1121 671 1183 Consul,
683 1124 747 1188 quia
756 1121 837 1174 nulla

26 1191 135 1261 legatio
146 1190 182 1243 ad
193 1192 274 1244 tinem
286 1197 398 1258 praesto
410 1189 517 1253 fuerat,
534 1190 700 1256 praedatum
711 1191 740 1242 in
752 1205 835 1257 agros

25 1263 113 1315 misit
149 1262 221 1313 Tum
236 1261 346 1314 demum
366 1261 457 1313 fracto
472 1261 628 1327 pertinacia
644 1266 699 1325 est,
719 1268 750 1311 ut
766 1260 836 1312 ferri

26 1332 132 1403 agique
142 1346 187 1384 res
197 1347 261 1383 suas
272 1332 410 1384 viderunt.
433 1331 549 1400 Legatis
560 1332 662 1395 missis,
672 1331 748 1399 pacti
759 1330 836 1398 quin·

27 1402 166 1471 quaginta
175 1401 301 1463 talentis,
323 1407 351 1454 et
361 1402 460 1468 viginti
470 1402 595 1454 millibus
606 1402 775 1453 medimnum
786 1400 837 1453 tri·

26 1474 91 1535 tici,
107 1471 208 1539 viginti
217 1470 324 1534 bordei,
339 1486 434 1537 pacem
444 1472 673 1539 impetraverunt.
704 1470 836 1538 Progres-

26 1558 77 1597 sus
87 1539 155 1594 indo
167 1540 202 1593 ad
212 1540 342 1593 Obrimae
353 1540 457 1605 fontes,
474 1543 509 1593 ad
521 1542 627 1603 vicum,
668 1555 730 1592 uem
741 1540 836 1592 Aceri-

26 1612 81 1667 dos
92 1611 198 1663 comen
211 1616 329 1673 vocant,
348 1612 444 1678 posuit
461 1618 561 1663 castra.
597 1611 640 1661 Ilo
649 1558 787 1663 {eleuatis
799 1610 834 1663 ab

24 1684 152 1751 Apamea
167 1688 282 1747 postero
297 1680 342 1733 die
361 1682 446 1734 venit.
482 1683 589 1750 dogros
605 1680 671 1733 inde
682 1687 710 1732 et
720 1680 836 1737 inutilia

23 1750 229 1819 impedimenta
239 1766 323 1818 quum
329 1753 479 1818 Apameam
492 1751 653 1814 dimisisset,
665 1751 780 1802 ducibus
790 1750 836 1801 iti·

24 1836 129 1875 nerum
144 1822 178 1873 ab
189 1820 307 1873 Seleuco
324 1822 458 1889 acceptis,
480 1821 622 1888 profectus
639 1836 671 1873 eo
683 1821 729 1873 die
738 1821 768 1872 in
777 1819 836 1871 Me·

23 1889 231 1959 tropolitanum
244 1905 379 1957 campum,
400 1897 514 1958 postero
527 1892 572 1944 die
584 1891 683 1943 Dinias
694 1890 836 1959 Phrygias

22 1961 176 2033 processit
212 1960 279 2013 lnde
290 1959 422 2028 Synnada
432 1962 518 2024 venit,
536 1968 613 2013 metu
626 1961 752 2013 omnibus
763 1963 837 2013 circa

22 2029 140 2100 oppidis
151 2029 277 2083 desertis.
315 2031 440 2092 Quorum
459 2032 515 2083 iam
527 2031 630 2097 praeda
641 2048 725 2100 grave
737 2047 836 2100 agmen

20 2097 158 2162 trahens,
177 2101 224 2151 rix
243 2101 362 2167 quinque
373 2101 492 2152 millium
505 2101 550 2152 die
562 2108 623 2153 toto
634 2103 735 2156 itinero
746 2100 836 2169 perle-

21 2178 84 2232 cto,
101 2169 137 2220 ad
147 2169 269 2233 Beudos,
285 2170 358 2237 quod
370 2177 448 2223 retus
460 2171 611 2238 appellant,
622 2172 758 2239 pervenit.
793 2168 836 2221 Ad

18 2241 159 2297 Anabura
169 2240 243 2304 inde,
262 2245 289 2293 et
301 2240 391 2292 altero
402 2240 447 2293 die
458 2241 492 2292 ad
503 2241 617 2294 Alandri
628 2243 731 2304 fontes,
749 2240 835 2291 tertio

20 2314 62 2369 ad
74 2310 230 2364 Abbassum
245 2311 340 2378 posuit
355 2315 458 2362 castra.
493 2310 537 2363 Ibi
551 2313 644 2379 plures
661 2313 720 2362 dics
730 2309 835 2360 stativa

20 2380 209 2447 babuit,quia
221 2387 382 2447 perventum
393 2386 455 2433 erat
465 2379 745 2434 ad‘l'olistoboiorum
757 2377 835 2430 fines.

80 2448 156 2502 XVI.
179 2449 264 2515 Galli,
276 2467 376 2519 magna
386 2450 527 2502 hominum
539 2441 587 2512 vis,
599 2466 648 2501 seu
659 2449 756 2514 inopia
766 2447 844 2511 agri,

11 2537 76 2579 neu
85 2519 209 2588 praedae
219 2538 281 2590 spe,
303 2522 407 2572 nullam
420 2526 550 2590 gentem,
565 2535 617 2588 per
629 2514 862 2586 quamunitas·

10 2596 104 2655 lent,
122 2605 217 2656 parem
233 2593 320 2644 armis
336 2592 408 2658 rati,
428 2594 549 2647 Brenno
566 2592 646 2644 duce
661 2589 700 2638 in
707 2581 888 2659 batuam

10 2666 210 2727 revenerunt.
230 2662 274 2715 lbi
284 2662 394 2721 seditio
407 2674 488 2734 orla,
503 2672 539 2722 et
548 2664 592 2718 ad
600 2635 896 2766 uigintimbx‘ffl

561 2737 595 2790 B
604 2736 632 2785 b
647 2736 675 2785 ‘u
