1838 2954
66 92 69 97 .
86 48 577 135 astam·²⁷·Wtc·5⁶⁰·ffl·¹9²·]
592 58 647 117 Μ
676 74 679 79 “

28 160 31 167 “
77 168 104 217 ιε
124 162 312 231 quinceium,
325 162 548 228 siinrenaraii,
568 165 647 217 ouius

10 224 236 301 mfoiiendieeen
257 248 291 286 eo
302 233 365 301 plus
374 233 405 285 in
414 248 456 298 eu,
465 248 584 303 qnorum
594 248 649 286 usu

10 304 54 375 pei
63 308 176 368 matun
195 304 280 357 breve
292 302 323 355 id
332 309 453 372 tyranno
468 303 603 374 gaudium
617 318 649 359 ee

14 374 180 429 affirmabat.

10 442 649 514 Nabnquumprosperareelatantnmspem

10 515 139 569 idubinrn
148 519 255 577 nactus,
273 512 412 566 nihilium
423 515 521 567 amari
530 514 651 583 peritam

10 590 124 645 autres
135 583 229 635 aditus
241 582 372 637 claudere
382 588 540 651 opportune
549 582 650 651 positis

10 654 99 709 aluit.
108 652 207 707 'l'ertia
215 660 296 721 parte
307 652 452 722 copiarum
461 655 498 707 eb
504 652 652 709 obsidione

10 731 88 791 aete,
106 723 144 775 ed
157 722 252 777 Pleias
271 725 369 792 posuit
384 729 487 777 eastre.
522 722 653 777 immet

10 794 124 858 beatis,
145 798 175 846 et
183 793 288 859 Acriis,
306 794 541 861 pendebantur
553 792 652 847 hostes

10 864 161 919 adnotari.
197 862 292 927 Quum
311 864 354 916 ibi
373 864 478 917 stativa
496 870 603 929 cuent,
622 864 653 916 ct

10 932 653 996 namiehnoerent,rnn1titnuoalieaesseex
708 974 712 979 .

10 1011 86 1059 utus
91 996 210 1066 Yronde,
222 1018 294 1071 quae
304 1004 432 1055 umbem
441 1000 528 1053 ruodo
538 1000 654 1069 praebe·

11 1080 68 1141 eut3
86 1074 248 1142 priusquam
256 1072 286 1123 in
297 1076 475 1139 conspectum
485 1068 564 1123 hatti
577 1066 652 1123 mi·

11 1158 122 1213 poemen
130 1143 345 1211 necopinantem
362 1154 428 1193 earu
439 1140 593 1209 inprovisa

11 1212 240 1295 tggredittutuit.
275 1209 571 1293 Navigieparvuinn
625 1220 660 1263 ⁰⁶·

11 1276 655 1421 atiissxtrtirsnsotsiti:
731 1311 735 1319 “

11 1436 90 1477 encre
110 1426 281 1482 armaturae,
299 1420 443 1487 imposuit.
478 1419 548 1472 lude
567 1418 657 1471 litora

11 1508 64 1544 rum
78 1491 116 1543 ad
131 1490 316 1558 propinquum
332 1490 431 1541 castris
448 1487 572 1541 hostiurn
591 1502 654 1555 pro·

11 1562 164 1623 evenisset,
184 1574 311 1627 agressus
328 1559 447 1612 callibus
461 1558 552 1623 notis,
570 1561 657 1611 noete

11 1632 92 1685 renio:
103 1635 145 1692 et,
156 1630 257 1697 sopitis
267 1630 410 1698 vigilibus,
421 1629 492 1681 utin
502 1626 581 1680 nullo
592 1640 655 1697 pro·

11 1708 52 1764 tu,
71 1695 250 1768 ignem'casis
262 1700 296 1757 ab
312 1699 387 1751 omni
400 1704 481 1767 parte
498 1704 655 1751 castrorum

11 1771 77 1823 ruiti
88 1770 167 1839 prius
177 1770 307 1821 incendio
324 1769 466 1837 absumpti
478 1774 556 1833 sunt,
573 1782 655 1837 quam

11 1842 135 1894 irenturn
148 1841 295 1893 sentirent:
317 1847 358 1903 et,
370 1840 418 1907 qui
428 1844 587 1904 senserant,
596 1837 657 1891 nul·

11 1911 85 1966 ierre
96 1917 255 1979 potuerunt.
284 1909 371 1962 Ferro
384 1908 551 1977 flammaque
563 1908 658 1963 omnia

31 1983 165 2050 perpauci
177 1989 270 2033 tamen
282 1996 317 2033 ex
328 1987 385 2032 tarn
396 1981 512 2048 ancipiti
525 1986 605 2048 peste
621 1978 657 2032 ad

11 2069 27 2104 n
38 2055 147 2104 maiora
158 2058 250 2103 castra
261 2051 451 2120 perfugerant.
487 2051 532 2103 Ita
546 2050 657 2119 percul-

11 2139 46 2186 is,
66 2122 268 2188 Philopoemen
283 2123 413 2187 protinus
433 2122 469 2175 ad
490 2121 657 2189 depopulan-

13 2193 62 2244 lim
72 2189 205 2248 Laconici
216 2193 284 2258 agri,
296 2192 343 2257 qni
354 2194 500 2260 proximus
510 2193 592 2244 fiuent
600 2191 647 2241 Me

11 2277 70 2315 ram
83 2272 134 2324 est,
145 2260 240 2312 duxit:
264 2267 304 2322 et,
315 2277 416 2329 magna
426 2265 454 2314 vi
465 2273 597 2328 pecorum
608 2253 654 2307 ho·

21 2332 86 2385 inde
99 2333 229 2398 abrepta,
245 2331 406 2398 priusquam
417 2348 434 2384 a
444 2330 551 2399 Gythio
563 2334 659 2394 tyran-

12 2403 87 2454 dium
100 2403 175 2470 agris
191 2401 329 2464 mitteret,
351 2401 488 2454 discessit.
523 2396 591 2448 Inde
606 2396 661 2448 'l'e-

12 2471 87 2524 rcitu
116 2475 278 2534 contracto,
306 2470 484 2538 concilioque
508 2464 613 2520 eontra
633 2460 670 2515 ei

20 2540 105 2592 sociis
119 2541 243 2603 indicto,
267 2542 297 2593 in
319 2559 376 2612 quo
399 2548 430 2595 ct
438 2540 637 2609 Epirotarum
654 2536 690 2584 ek
726 2562 731 2566 ·

12 2626 17 2683 ².
25 2607 275 2682 tuerenrincr'pes,
286 2615 412 2683 statuit,
424 2612 576 2687 quonium
583 2604 667 2661 sacre
674 2603 709 2654 eu
