1838 2954
11 56 39 95 a.
50 39 359 96 munerant.
371 39 668 113 masmanna]
687 43 740 99 aas

11 147 61 200 'rem
72 145 373 212 consentanearum,
383 157 492 215 apertat
502 147 578 201 circa
590 165 697 217 compat
704 151 744 202 ‘ad

11 217 199 270 undumetre:
222 217 277 270 tiae
286 217 472 271 detrectarent
488 228 624 272 certamen
631 257 639 284 ,
661 235 743 288 oppu-

11 287 94 340 'onem
106 286 174 358 fore
188 286 263 339 haud
280 285 431 355 difficilem.
468 287 537 340 Num
553 297 581 341 et
597 288 702 356 copiam
713 288 743 342 in

11 356 85 426 laquo
97 357 232 410 materiae
244 359 281 409 ad
289 374 405 428 aggeres
426 357 582 411 excitandos
601 368 628 411 et
648 369 740 412 cetera

11 443 98 480 reete:
117 436 145 480 et
156 426 339 490 Arachthum,
360 426 541 498 navigabilem
556 445 675 494 amnem,
695 445 741 497 op·

11 498 130 550 {namuri
149 499 358 565 comportanda,
380 514 449 566 qnae
463 498 526 550 usui
541 499 609 562 rint,
625 509 742 567 praeter

11 566 113 621 moenia
124 565 233 637 flrtere;
254 578 281 621 et
291 577 423 620 aestatem
434 580 530 635 aptam
545 568 587 620 rei
605 570 742 641 gerendae

11 654 36 689 e.
71 637 125 688 His
137 644 343 705 persuaserunt,
354 643 387 690 ut
396 653 446 705 per
456 638 571 704 Epirum
583 638 706 692 duceret.

11 703 36 758 t.
56 707 187 770 consuli,
210 708 246 760 ad
261 709 437 761 Ambraciam
456 708 627 772 advenienti,
647 708 743 777 magni

11 790 30 827 ,s
42 776 214 844 oppugnatio
224 778 286 833 risa
295 784 346 832 est.
365 779 512 833 Ambracia
522 779 630 831 tumulo
643 792 741 847 aspero

11 854 64 899 ota
75 846 130 911 cit3
138 846 318 900 Perranthem
330 848 440 900 incolae
451 854 561 900 vocant.
597 848 677 911 Urbs,
689 863 743 915 qua

11 931 32 969 rs
42 921 134 985 vergit
144 918 174 969 in
184 933 299 984 campos
311 924 340 970 ct
350 915 460 978 ssumcn,
473 915 662 981 occidentem
682 931 743 978 arx,

17 984 153 1055 imposita
164 994 207 1040 cst
217 988 340 1046 tumulo,
351 986 486 1036 orientem
495 989 613 1050 spectat.
649 985 743 1038 Amnis

11 1052 102 1116 ithus,
113 1071 148 1106 ex
156 1053 324 1106 Athamania
333 1050 435 1114 fluens,
459 1053 534 1118 cauit
545 1053 574 1102 in
585 1053 676 1104 sinum
687 1070 744 1106 ma·

11 1123 47 1175 ab
67 1123 179 1176 nomine
199 1123 371 1191 propinquae
398 1121 475 1173 urbis
495 1120 671 1173 Ambracium
698 1138 745 1190 ap·

12 1198 82 1246 tum.
102 1192 301 1262 Praeterquam
313 1191 387 1260 quod
398 1188 463 1244 hino
472 1191 562 1243 amnis
573 1192 670 1256 munit,
681 1191 745 1244 hino

11 1262 53 1327 ui3
71 1277 151 1316 muro
163 1280 272 1333 quoquo
283 1264 364 1316 firmo
374 1268 474 1330 saepta
489 1269 563 1326 orat,
584 1268 699 1331 patente
715 1262 745 1313 in

11 1333 58 1384 ‚itu
70 1334 167 1401 paullo
180 1334 301 1402 amplius
312 1335 368 1386 tria
377 1330 618 1401 millia'possuum.
628 1332 745 1385 Fulvius

14 1418 33 1454 a
44 1418 142 1471 campo
154 1411 259 1467 castra,
271 1404 381 1454 modico
391 1405 466 1452 inter
476 1419 507 1452 aa
517 1402 650 1453 distantia
659 1402 745 1454 intor-

11 1490 25 1535 ι,
35 1488 122 1521 unum
133 1475 280 1523 cantellum
291 1470 355 1521 loco
367 1469 444 1521 odito
457 1476 555 1521 contra
565 1484 658 1522 arcem
669 1472 745 1523 obie-

23 1542 67 1592 Ea
78 1539 171 1590 omnia
181 1539 257 1591 vallo
269 1555 301 1591 ac
315 1539 392 1591 fossa
408 1539 450 1590 ita
465 1541 581 1607 iungere
595 1545 690 1606 parat,
709 1554 745 1591 no

11 1624 32 1660 rs
42 1608 159 1660 inclusis
171 1609 299 1673 anarbo,
320 1625 390 1662 nevo
402 1608 495 1661 aditus
506 1608 576 1660 foris
589 1607 624 1660 ad
638 1609 745 1660 auxilia

11 1678 155 1730 »mittenda
171 1684 253 1732 esset.
288 1677 329 1732 Ad
339 1678 444 1731 famam
460 1678 674 1747 oppugnationis
684 1680 745 1731 Am·

11 1750 52 1800 iae
64 1746 189 1800 Stratum
200 1749 258 1800 iam
272 1748 364 1802 edicto
374 1749 510 1802 Nicandri
528 1749 668 1816 praetoris
681 1764 745 1802 con·

11 1823 72 1870 rant
81 1818 183 1870 Aetoli.
218 1818 285 1871 Indo
299 1820 390 1886 primo
401 1820 488 1886 copiis
499 1820 626 1871 omnibus
637 1818 672 1872 ad
683 1834 745 1887 pro·

11 1888 87 1940 odam
101 1888 275 1942 obsidionem
284 1889 379 1942 voniro
389 1889 418 1941 in
429 1890 521 1942 anirno
531 1888 633 1943 furerat.
661 1891 746 1943 Dein·

11 1964 151 2025 postquam
163 1960 259 2012 urbem
270 1959 326 2011 iam
337 1975 439 2028 magna
459 1974 494 2012 ax
512 1965 593 2028 parte
614 1961 745 2030 operibus

11 2035 63 2079 tarn
82 2029 225 2090 viderunt,
246 2029 427 2095 Epirotarum
452 2036 530 2083 trans
555 2030 656 2085 flumen
680 2031 744 2082 loco

11 2114 22 2148 o
46 2103 139 2151 castra
159 2099 253 2165 posita
273 2114 346 2163 esso,
367 2099 491 2157 dividere
513 2103 608 2170 copias
628 2099 744 2169 placuit.

27 2167 105 2220 mille
126 2169 262 2235 expeditis
274 2168 445 2236 Eupolemus
456 2172 631 2225 Ambraciam
654 2166 744 2236 profe·

11 2276 13 2294 .
34 2253 83 2304 per
94 2239 216 2289 nondum
227 2239 376 2290 commissa
386 2241 459 2294 inter
468 2258 498 2295 se
514 2243 686 2294 munimenta
699 2250 743 2285 ur-

22 2307 150 2360 intravit.
187 2307 330 2360 Nicandro
355 2325 417 2362 cum
438 2319 532 2365 cetera
550 2324 634 2360 manu
655 2305 744 2374 primo

11 2383 120 2428 ntorum
138 2383 230 2430 castra
247 2383 329 2430 nocta
345 2382 462 2449 aggredi
477 2379 624 2432 consilium
644 2374 744 2437 fuerat,

11 2490 13 2496 ,
24 2446 102 2497 facili
113 2447 148 2499 ab
159 2447 292 2501 Romanis
305 2449 429 2515 anxilio,
448 2450 518 2517 quia
529 2447 641 2498 Annona
646 2445 757 2495 ‘anaara-

11 2515 112 2579 trinae,
124 2519 325 2583 periculosum
336 2523 643 2593 inceptomamaas
649 2520 758 2578 masis

17 2583 161 2653 Romani,
184 2597 211 2647 et
224 2606 385 2666 regressus
400 2594 475 2650 inno
484 2583 758 2644 maritumos&
