1838 2954
289 39 343 83 14¹1
441 39 476 77 T.
492 38 663 89 nurrspu.
673 39 775 87 woy-
766 39 889 71 mssa-r

498 98 599 107 --.-—
606 98 619 105 -
634 96 742 105 ———
760 94 889 102 ..ιω-.-

288 106 381 178 iussit.
417 120 558 181 Quaestor
570 116 601 169 id
618 132 670 185 pro
686 114 776 167 nihilo
786 112 889 168 babuit

288 206 388 247 narsae
399 189 533 240 factionis
543 194 617 241 erat·
640 193 683 250 et,
701 187 768 255 quia
779 200 813 238 ex
824 200 889 255 quae

292 279 347 323 ces,
360 259 586 327 potentissimum
597 258 738 320 ordinem,
749 246 889 308 referebas

290 332 396 385 futuris
415 343 482 379 mox
497 329 594 395 opibus
608 329 716 379 animos
732 328 855 392 gerebat.

292 401 406 467 dignum
417 399 448 448 id
458 404 538 449 ratus
549 398 704 459 Hannibal,
723 398 858 447 tiatorem
874 409 889 444 a

292 470 357 521 dum
362 474 546 551 quaestorem
558 469 647 519 misit.
659 434 889 532 subductumque

290 554 348 590 non
359 538 451 605 ipsum
462 538 566 606 magis,
579 552 660 605 quam
671 536 797 588 ordinem
808 534 889 585 iudici

290 623 351 660 rum
368 608 501 674 superbia
517 614 602 674 atque
618 609 718 674 opibus
734 620 785 656 nec
799 604 877 671 leges

292 684 363 740 sent,
375 693 425 729 nec
434 678 626 759 magistratus,
638 675 786 729 accusarit.
815 676 861 736 ut,
872 689 889 724 u

295 748 374 798 ribus
385 747 475 813 accipi
489 749 645 798 orationem
660 744 869 806 animaduertit,

295 831 407 884 quoque
418 816 546 869 libertati
555 832 669 884 gravem
679 832 740 868 esse
757 814 888 881 superbia

295 900 359 954 gem
370 887 509 954 extemplo
520 887 721 955 promulgavit,
741 885 889 965 pertulitqr

290 958 374 1038 gulos
384 973 468 1009 annos
477 957 579 1010 indices
590 959 759 1026 legerentur:
779 973 812 1008 se
822 954 881 1020 quis

296 1025 403 1079 tineam
412 1026 495 1079 index
510 1036 586 1079 esset.
624 1028 755 1078 Ceterum
770 1029 889 1092 quantae

294 1096 423 1164 plebem
416 1097 518 1148 miernt
529 1090 659 1163 gratiam,
680 1101 789 1146 tantum
799 1108 889 1161 magn:

296 1166 390 1232 cipum
407 1164 563 1217 offenderat
579 1180 696 1215 animos.
732 1164 844 1215 Adiecit
859 1169 888 1216 et

293 1232 369 1285 bono
381 1233 503 1298 publico,
515 1233 568 1284 sibi
580 1237 707 1300 proprias
718 1234 889 1285 simultates:

295 1303 415 1369 ctigalia
442 1302 556 1369 publica
574 1305 677 1369 partim
697 1304 872 1371 negligentia

293 1372 399 1441 purtim
413 1372 534 1439 praedae
548 1386 581 1423 ac
597 1372 697 1423 divisui
714 1374 871 1440 principum
885 1392 889 1417 ι

294 1441 507 1510 magistratibus
519 1448 611 1495 crant·
629 1443 693 1510 quin
705 1449 733 1495 et
743 1447 889 1510 pecunia,
879 1458 889 1492 ι

296 1512 374 1563 diurn
385 1513 518 1564 Romanis
529 1527 581 1564 suo
592 1529 699 1581 quoque
713 1529 785 1564 anno
798 1514 889 1580 pende

295 1583 487 1655 tributumque
499 1598 582 1649 grase
594 1584 711 1651 privatis
721 1584 889 1636 immineres

349 1648 400 1702 Xl
402 1652 461 1705 Vll
480 1655 622 1705 Hannibal
643 1660 803 1721 postquam,
826 1661 888 1706 sect

295 1723 444 1772 terrestria
456 1723 649 1790 maritimaque
661 1730 765 1784 essent,
785 1725 854 1774 etin
867 1740 889 1790 qn

296 1794 401 1853 rentur,
412 1791 621 1854 ιιιιιιιιιιιιιιιιιι,
643 1793 747 1858 etquid
759 1807 853 1843 eorum
867 1808 889 1842 or

295 1859 389 1910 blicaa
401 1874 467 1909 usus
479 1868 684 1923 consumerent,
696 1867 828 1943 quantum
840 1877 889 1928 pec

296 1933 353 1991 ret3
377 1929 504 1979 omnibus
514 1930 633 1980 residuis
645 1932 771 1997 pecuniis
788 1933 889 1982 exactis

295 1998 370 2049 rutis
381 1999 512 2059 remisso,
524 2000 594 2049 satis
604 2000 773 2067 locupletem
784 2003 889 2068 rempul

295 2067 418 2135 vectigal
429 2068 623 2135 praestandum
635 2071 782 2151 Romanis,
801 2087 889 2138 pronu

297 2138 386 2201 sione,
400 2144 427 2190 et
437 2139 578 2205 praestitit
589 2141 764 2205 promissum.
801 2144 889 2194 'lum

297 2213 414 2277 parerat
425 2224 475 2277 per
485 2209 595 2275 aliquot
606 2225 692 2261 annos
704 2212 830 2277 publicus
847 2228 889 2279 pe«

297 2281 377 2332 bonis
389 2279 506 2346 ereptis,
518 2294 573 2330 non
585 2279 661 2331 furto
673 2296 769 2333 eorum
781 2285 889 2334 mnnibu

297 2349 369 2402 fensi
381 2356 410 2403 et
421 2347 486 2401 irati
497 2349 637 2401 Romanos
648 2351 677 2399 in
688 2351 872 2404 Ilannibalem
879 2389 887 2416 ,

298 2434 357 2470 sam
370 2421 429 2472 odii
439 2426 613 2487 quaerentes,
625 2419 806 2486 instigabant.
826 2423 881 2484 lta,

298 2493 326 2538 te
337 2488 366 2540 Ρ.
379 2489 510 2558 Scipione
521 2489 669 2550 Africano,
692 2491 740 2556 qui
754 2506 852 2557 parum
863 2508 889 2543 cr

279 2558 349 2622 {mli
357 2558 484 2619 Romam·
496 2578 561 2616 esse
571 2560 713 2627 ducebat,
729 2562 889 2614 subscribes

324 2784 369 2812 „A
