1844 2962
285 102 331 189 p,
345 138 503 189 Cornelium
520 140 568 189 Cn.
589 137 677 188 filium
693 134 851 203 Scipionem
875 140 904 186 ct

288 208 467 262 Glabrionem
479 209 615 270 eonsules,
624 207 695 257 inito
708 204 922 273 magistratu‚P

288 294 369 347 quum
383 277 417 328 de
428 278 575 342 provinciis
587 281 715 344 agerent,
726 291 771 327 res
784 275 892 326 divinas
904 273 919 324 f

287 351 364 402 ribus
375 347 476 399 hostiis
487 349 628 398 iusserunt
638 346 666 395 in
684 345 810 396 omnibus
832 343 908 395 sanis

289 418 491 472 lectisternium
503 418 637 468 maiorem
649 421 755 481 partem
768 415 834 465 anni
853 414 912 464 fieri

290 488 415 554 carique,
436 487 508 554 quod
518 492 631 537 senatus
643 485 677 536 de
688 499 760 536 novo
769 484 846 536 bello
858 485 888 534 in
913 519 916 528 ,

289 564 342 620 ret,
364 562 396 607 ut
407 571 441 607 ea
450 571 495 607 res
506 555 614 607 senatui
626 554 784 621 populoque
794 554 917 605 Roman

289 627 415 679 feliciter
426 625 566 693 eveniret„
583 625 626 674 Ea
636 624 730 674 omnia
740 623 878 675 sacrificia
888 624 919 675 la

290 694 443 763 primisque
454 690 552 743 hostiis
564 692 725 758 perlitatum
747 699 803 744 est:
824 699 853 744 et
872 694 917 744 ita

290 762 506 831 responderunt,
516 776 550 813 co
562 762 638 814 bello
651 763 785 815 terminos
796 763 896 829 populi
917 768 922 787 ¹

290 831 400 902 purgari,
408 831 556 883 victorium
567 846 600 882 uc
611 831 781 900 triumphum
794 832 914 884 ostendi.

291 903 453 958 renuntiata
462 907 567 965 essent,
589 901 690 953 solutis
706 902 843 969 religione
866 903 916 954 ani

291 974 468 1042 rogationem
481 972 517 1024 ad
527 971 661 1039 populum
671 970 740 1023 ferri
759 973 917 1024 iusserunt:

292 1044 430 1108 berentac,
441 1059 500 1096 cum
509 1041 643 1095 Antiocho
655 1058 728 1112 rege,
740 1041 838 1110 quique
848 1043 907 1095 cius

293 1114 319 1166 ti
329 1121 428 1175 errent,
448 1112 543 1165 bellum
555 1112 641 1165 iniri?
658 1111 684 1162 ai
699 1126 733 1163 ea
752 1113 864 1180 rogatio
886 1129 922 1180 pt

292 1191 363 1245 tum,
376 1182 400 1233 si
409 1182 452 1232 ita
461 1181 603 1234 videretur
614 1181 850 1244 consummarem
861 1183 917 1235 int

292 1257 389 1304 natum
400 1250 544 1304 referrent.
574 1249 606 1303 P.
618 1251 764 1302 Cornelius
776 1267 838 1304 eam
853 1268 917 1321 rog

292 1321 367 1373 tulit.
404 1322 476 1371 Tum
487 1327 599 1373 renatus
610 1319 747 1383 decrevit,
767 1329 800 1373 ut
811 1323 922 1373 consul

293 1390 441 1442 Graeciam
455 1391 612 1456 provincias
622 1389 802 1455 sortirentur3
815 1391 860 1442 cui
866 1393 917 1444 Gr

292 1464 345 1521 ret,
356 1465 388 1509 ut
397 1465 510 1525 praeter
520 1475 582 1511 eum
592 1475 735 1512 numerum
746 1462 877 1523 militum,
889 1477 906 1529 q

294 1529 368 1582 otius
386 1528 423 1602 in
450 1530 707 1602 comprovinciam
734 1546 768 1583 ex
794 1533 918 1584 auctorit
