1838 2954
10 48 58 85 nm
80 39 178 95 ratris,
202 49 284 100 quum
296 39 332 85 ad
343 39 456 87 Zamam
476 39 595 89 insulam
612 46 757 92 assecutus

10 120 22 166 ·,
33 102 161 154 dimisso
171 101 205 153 L.
217 105 343 170 Apustio,
359 105 404 155 cui
414 115 592 170 successerat,
602 109 683 160 tarde
693 108 757 159 inde

10 172 133 234 [aleam,
153 171 298 224 trahendis
309 174 469 241 plerumque
484 178 608 228 remulco
629 177 757 238 naribus,

22 256 91 293 otim
101 250 264 295 commeatu
274 243 475 311 sequebantur,
488 248 623 312 pervenit.
660 248 683 299 Α
694 246 757 296 Mn·

10 312 94 363 iussis
106 311 218 376 ceteris,
239 320 372 380 quantum
384 315 504 367 maxime
521 320 648 383 possent,
667 322 758 367 matu·

15 381 109 448 sequi,
121 381 185 448 ipse
197 382 289 434 tribus
307 384 549 451 quinqueremibus
564 385 702 452 expeditis
714 384 758 435 Pi·

10 452 231 519 nna-praecepit,
253 454 362 519 aceepit
381 470 511 506 uenas-es
533 456 574 505 ihi
596 454 710 504 relictas
722 453 756 502 ab

10 520 106 587 paratio
116 520 215 588 legato
226 520 261 571 ud
271 469 443 586 praesibium
450 519 628 571 Athenarum.
649 521 758 572 Eodem

10 604 72 656 pore
84 589 160 642 duae
172 603 208 640 ex
216 590 283 642 Asia
294 589 398 641 classes
408 588 627 656 protestamus
638 604 698 641 enm
710 591 757 641 nt·

21 674 105 727 rege3
124 663 194 722 (eae
215 667 348 727 quattuor
369 666 397 710 et
416 660 515 726 viginti
544 661 756 730 quinqueremes

10 728 35 794 t)
46 727 164 782 Rhodia
174 727 273 793 altera,
288 730 389 798 viginti
399 731 508 781 narium
519 736 669 784 tectarum:
686 732 756 796 Age·

10 804 97 851 notus
107 808 251 865 praeerat.
265 801 329 852 Hae
341 799 542 853 eiroaAndrum
554 800 674 851 insulam
687 800 756 849 clas-

10 868 171 921 nniunotae
181 868 339 933 Euboeam,
350 870 415 923 inde
427 871 528 938 exiguo
540 870 692 921 distantem
703 867 757 918 fre·

10 938 190 991 uniens-unt.
228 940 549 1008 carystiommprimum
564 954 581 989 a
601 952 647 988 ros
666 943 757 987 vastu-

13 1006 147 1071 =dninde,
157 1007 206 1059 ubi
218 1010 362 1077 Carystus,
381 1009 525 1076 praesidio
535 1024 553 1060 a
563 953 697 1056 cbaloido
712 1020 757 1056 ra.

10 1076 124 1140 rnrisso,
136 1078 219 1129 firma
228 1078 291 1130 visa
302 1085 357 1142 est,
372 1079 408 1130 ad
418 1080 557 1131 Eretriam
568 1083 755 1127 accesserunt.

10 1160 59 1200 em
68 1152 98 1199 et
108 1146 142 1199 L.
148 1148 299 1211 Quinctius
311 1164 371 1200 eum
382 1149 419 1200 iis
430 1146 553 1206 nasibus,
565 1160 635 1212 quoe
645 1144 756 1198 Piraeei

10 1220 71 1277 ant,
82 1217 172 1268 Attali
182 1218 259 1283 regis
270 1218 389 1270 adventu
399 1213 506 1278 audito,
516 1215 600 1278 veuit,
609 1216 755 1281 iussitque,

10 1299 71 1353 qnae
80 1298 117 1337 ex
126 1298 182 1338 sua·
190 1285 280 1339 elusae
290 1290 430 1339 venissent
439 1299 538 1346 naves,
553 1286 698 1337 Euboeam
710 1300 756 1350 pe·

10 1360 65 1437 nt..
86 1354 329 1446 Ere-tisinum&
342 1353 371 1404 ri
386 1356 606 1435 oppugnabatur.
642 1354 714 1436 Nam
727 1362 756 1404 et
