1838 2954
107 10 183 63 urs.
193 8 348 63 xxxvru.
359 13 434 65 cin.
444 8 486 65 41.
502 11 644 80 [acam.
653 13 685 66 A.
694 14 800 82 enos]
829 14 880 68 417

10 110 29 186 ζ
70 114 145 169 nihil
155 115 286 167 silvestre
297 115 372 167 circa
382 122 437 178 est,
460 132 495 168 ne
504 116 628 169 latebras
639 116 750 184 quidem
763 117 799 168 nd
816 120 881 169 insi·

10 222 24 257 Ι
70 185 208 239 ditandum
223 186 366 251 praebent.
401 186 467 237 Huc
484 186 519 238 ad
535 188 652 239 eandem
667 202 743 254 spem
760 187 881 253 praedae

10 292 25 325 ς
69 256 196 313 Thrausi
207 258 285 320 (gens
297 256 396 322 etipsa
407 254 556 319 'l'hracum)
568 273 734 309 convenere:
748 257 805 319 sed,
817 260 881 325 quia

10 364 23 395 Ε
70 326 168 379 nudae
178 324 275 386 valles,
293 326 391 391 procul
402 333 433 376 ut
443 327 670 393 conspicerentur
681 327 824 393 angustias
837 329 883 379 ob·

10 420 26 467 ,3
70 396 209 458 uidentes,
220 393 386 459 efficiebant,
397 398 487 448 minus
499 398 616 449 terroris
628 398 818 464 tumultusque
830 398 884 449 fuit

10 502 24 537 Ι,
71 464 153 535 apud
164 464 318 518 Romanos:
339 467 441 533 quippe
453 466 506 519 etsi
517 466 611 534 iniquo
628 467 706 530 loco,
726 469 832 535 proelio
845 476 884 520 ta·

10 560 27 607 ,⁴
69 535 242 597 maninseo,
262 536 322 588 acie
333 543 443 602 aperta,
463 536 576 589 collatis
592 537 679 604 signis
697 537 883 590 dimicandum

10 628 25 676 ,2
71 612 146 661 erat.
165 604 291 658 conferfi
303 608 453 658 subeuntes
465 621 527 658 cum
539 607 669 671 clamore,
679 608 786 673 impetu
797 608 883 667 facto,

13 708 25 745 t
71 678 198 761 primum
208 675 339 743 expulere
351 676 413 729 loco
424 675 533 741 hostes3
545 677 645 731 deinde
657 684 792 731 avertere.
804 680 883 745 Fuga

10 768 24 815 ·,
70 746 142 801 mue
152 745 318 813 caedesque,
340 746 396 797 suis
411 746 496 813 ipsos'
504 747 720 815 impedientibus
737 751 882 816 angustiis,

15 850 23 883 2
71 817 139 871 ueri
151 822 252 881 coepta
263 822 314 868 est.
349 818 466 869 Romani
477 819 600 870 victores
612 818 647 871 ad
657 819 749 870 ricum
760 820 882 871 Maroni·

10 920 24 955 1
72 894 170 941 tarum
179 884 278 949 (Saron
289 886 443 954 appellant)
453 893 611 953 posuerunt.
629 894 728 939 castra.
764 887 882 941 Postero

11 1012 16 1021 ,
73 957 124 1011 die
132 956 243 1025 patenti
253 956 355 1010 itinere
365 957 502 1009 Priaticus
515 972 627 1023 campus
639 971 687 1008 eos
699 960 821 1022 excepit3
834 960 883 1009 tri·

10 1060 22 1095 ς
73 1028 215 1094 duumque
236 1026 290 1089 ibi,
310 1024 481 1079 frumentum
505 1026 687 1092 accipientes,
713 1034 883 1089 manserunt,

10 1130 25 1165 ,ι
73 1098 180 1168 partim
196 1110 232 1149 ex
245 1097 321 1165 agris
336 1096 554 1159 Maronitarum,
575 1094 781 1147 conferentibus
803 1097 883 1163 ipsis,

10 1198 25 1233 η
72 1166 226 1239 pertinax
235 1167 351 1219 naribus
361 1167 428 1229 suis,
434 1180 505 1233 quae
517 1181 578 1217 cum
591 1168 679 1216 omnis
691 1166 800 1234 generis
812 1182 884 1217 com·

10 1268 26 1305 ῃ
72 1243 172 1293 meatu
180 1237 374 1304 sequebantur.
406 1238 446 1289 ab
456 1236 568 1288 stativis
581 1235 638 1288 diei
649 1236 694 1288 ria
706 1237 883 1303 Apolloniam

10 1324 26 1375 a
72 1308 140 1363 tuit.
176 1307 251 1359 Hinc
270 1323 320 1374 per
330 1307 522 1360 Abderitarum
546 1322 642 1375 agrum
654 1306 801 1374 Neapolim
823 1322 885 1372 per-

10 1408 23 1444 ,
73 1384 189 1433 ventum
200 1383 252 1429 est.
287 1378 351 1430 Hoc
363 1393 443 1430 omne
453 1394 502 1444 per
512 1378 683 1429 Graecorum
695 1377 820 1429 colonias
837 1392 884 1442 pa·

10 1478 26 1513 ι
74 1454 170 1502 catum
180 1447 236 1499 iter
247 1446 310 1498 fuit.
338 1448 486 1514 Reliquum
498 1447 561 1499 inde
571 1462 621 1513 per
631 1446 738 1497 medios
751 1445 884 1507 Thracas,

14 1548 27 1583 t
75 1518 137 1571 dies
147 1522 307 1584 noctesque,
328 1517 381 1569 etsi
392 1532 446 1568 non
457 1516 601 1576 infestum,
613 1522 771 1581 suspectum
782 1522 884 1577 tamen,

75 1588 166 1641 donec
175 1586 204 1638 in
213 1587 407 1640 Macedoniam
419 1591 613 1653 pervenerunt.
625 1585 884 1636 lilitiores'l‘hracas

10 1686 29 1723 ff
75 1658 152 1710 idem
165 1654 317 1721 exercitus,
338 1673 419 1724 quum
433 1655 588 1723 ascipione
601 1654 697 1707 eadem
709 1656 755 1705 ria
769 1655 885 1707 ducere-

10 1758 29 1791 „
75 1736 133 1790 tur,
144 1726 293 1791 habuerat,
314 1728 419 1779 nullam
431 1727 466 1779 ob
480 1727 562 1779 aliam
575 1739 694 1787 causam,
716 1740 797 1790 quam
811 1724 883 1791 quod

10 1828 19 1863 p
75 1797 198 1866 praedae
209 1796 312 1860 minus,
333 1797 407 1864 quod
418 1802 573 1863 peteretur,
584 1793 684 1845 fuerat.
721 1796 883 1862 Quanquam

10 1880 29 1933 ε
74 1873 135 1920 tum
147 1881 256 1934 quoquc
267 1867 399 1919 Claudius
411 1874 512 1918 auctor
522 1872 572 1927 est,
578 1863 612 1914 ad
625 1863 782 1929 quindecim
794 1866 883 1916 millia

10 1966 32 2003 ς
75 1936 231 1999 Thracum,
252 1937 430 2003 praecedenti
452 1937 488 1988 ad
508 1934 679 2001 exploranda
698 1935 763 1987 loca
784 1951 883 2003 agnren

10 2036 30 2069 ,-
75 2006 183 2060 Mutini
198 2006 335 2059 Numidae
352 2007 518 2058 occurrisse:
542 2003 760 2072 quadringentos
777 2007 884 2072 equites

11 2106 28 2140 ῃ
74 2077 165 2130 fuisse
175 2076 320 2139 Numidas,
340 2092 445 2145 paucos
459 2073 630 2141 elephantos.
665 2077 783 2129 Mutinis
795 2076 884 2125 filium

19 2160 28 2215 t
74 2162 128 2216 per
138 2146 246 2199 medios
256 2145 351 2199 hostes
363 2162 424 2199 cum
437 2152 547 2199 centum
559 2147 759 2215 quinquaginta
768 2142 884 2196 delectis

10 2246 26 2277 n
76 2217 217 2286 equitibus
227 2218 402 2284 perrupisset
425 2215 541 2270 eundem
552 2230 625 2279 mox,
637 2233 719 2284 quum
731 2218 786 2266 iam
800 2211 885 2264 Muti-

10 2314 25 2351 ς
75 2304 136 2351 nes,
145 2287 176 2339 in
187 2286 280 2338 medio
293 2287 447 2355 elephantis
459 2286 620 2347 collocatis,
631 2289 659 2339 iu
671 2300 775 2337 cornua
786 2282 885 2350 equiti·

10 2386 23 2417 μ,
74 2360 128 2411 bus
140 2356 290 2425 dispositis,
301 2373 410 2409 manum
424 2373 484 2410 eum
496 2356 577 2409 hoste
587 2355 782 2415 conseruisset,
794 2361 882 2404 terro·

10 2446 19 2491 ῃ
75 2443 136 2481 rem
149 2428 183 2479 ab
195 2434 278 2496 tergo
288 2429 466 2495 praebuisse:
490 2433 574 2495 atque
583 2425 803 2478 inaestimatae
817 2431 905 2477 emie-

10 2522 18 2537 ν
68 2498 126 2548 stri
135 2498 211 2547 reiut
215 2498 345 2563 procella
355 2496 456 2555 hostes
470 2500 508 2554 ad
519 2497 658 2569 peditum
673 2506 789 2560 agatem
799 2497 867 2534 neu
879 2493 904 2523 a

58 2564 188 2614 cessisse.
229 2568 276 2617 cn.
291 2569 426 2625 Manlius
449 2589 507 2643 per
516 2567 751 2625 macedoniam
761 2549 914 2609 'iu'l‘ffi

87 2630 117 2677 T.
130 2630 197 2682 er'.
215 2635 291 2688 Ten.
304 2639 347 2692 lv
657 2637 688 2687 u
705 2634 730 2679 d
