1838 2954
10 17 23 121 1
61 78 834 191 cmxxxvu.crire-oorucscauch

10 182 203 271 {Antiochust
222 201 252 252 iu
262 200 329 253 Asia
338 199 425 251 totius
434 200 517 252 Asiae
533 204 672 252 steterunt
691 201 777 264 vires,
799 205 834 255 ab

10 272 139 327 aultimis
163 269 282 325 orientis
302 269 430 338 partibus
452 270 575 322 omnium
589 271 714 339 gentium
726 277 835 324 contra·

10 344 82 395 actis
95 341 218 393 auxiliis.
382 340 386 348 “

18 430 23 455 ι
82 412 157 463 LlX.
177 409 281 462 Merito
309 423 360 476 rgo
370 413 398 460 et
411 408 465 461 diis
476 408 697 473 immortalibus,
717 419 835 479 quantus

14 482 171 534 -maximur
182 485 283 547 potera
299 477 429 542 ,habitus
439 485 482 531 est
491 477 590 542 honos,
610 480 684 546 quod
694 480 837 549 ingentem

10 551 181 603 iriotoriam
205 548 319 601 facilem
339 549 426 601 etiam
445 547 592 613 fecissent,
623 556 651 601 et
672 552 838 618 imperatori
879 554 882 561 “

10 644 23 717 p
31 618 190 686 triumphus
202 624 245 671 est
258 619 395 672 decretus.
431 617 627 686 Triumpharit
642 634 737 673 meme
751 622 838 673 inter·

32 691 141 743 calamo
161 688 252 756 pridie
269 687 412 741 Kalendas
433 689 562 741 Martias.
607 689 663 751 Qui
683 690 838 758 triumphus

10 760 194 829 nspectaculo
215 758 360 812 oculorum
380 758 482 822 maior,
505 774 587 827 quam
597 758 721 813 Africani
741 760 839 813 fratris

17 832 103 893 seius,
123 828 191 881 fuit:
210 828 408 882 recordatione
418 844 511 881 rerum
522 836 551 882 et
561 831 757 884 aestimatione
768 830 839 898 peri·

34 899 93 953 culi
102 900 319 968 certaminisque
328 914 384 951 non
395 900 485 968 magis
497 901 711 966 comparandus,
723 898 840 967 quamsi

32 972 234 1037 imperatorem
244 969 417 1037 imperatori,
429 975 477 1020 aut
487 968 650 1020 Antiochum
661 970 758 1022 ducem
764 970 840 1020 llan-

34 1039 127 1092 nibali
136 1039 286 1092 conferres.
323 1039 402 1090 Tulit
411 1038 440 1088 in
452 1038 592 1104 triumpho
609 1038 690 1104 signa
704 1039 841 1090 militaria

36 1111 159 1163 ducente
176 1109 294 1175 triginta
320 1113 469 1177 quattuor3
500 1108 665 1174 oppidorum
690 1107 842 1159 simulacra

36 1186 149 1233 contum
159 1179 275 1246 triginta
285 1184 431 1246 quattuor3
447 1178 585 1230 eburneos
598 1176 695 1230 dentes
706 1178 784 1230 millo
795 1176 842 1226 du·

37 1257 136 1304 centos
146 1249 264 1317 triginta
273 1264 371 1312 unum;
392 1263 491 1300 aureas
510 1262 627 1299 coronas
643 1246 777 1300 ducentas
793 1246 844 1298 tri·

37 1321 277 1389 gintequattuor3
298 1316 517 1384 argentipondo
534 1324 644 1371 centum
663 1318 782 1385 triginta
802 1332 843 1368 se·

36 1396 116 1459 ptem
125 1387 217 1439 millia
226 1392 254 1440 et
265 1387 469 1455 quadringenta
478 1386 594 1456 viginti;
605 1387 843 1440 tetradrachmum

37 1460 197 1513 Atticorum
208 1458 328 1508 ducenta
338 1458 438 1524 viginti
449 1464 582 1526 quattuor
592 1458 696 1522 millia3
707 1455 844 1523 cistopho-

38 1544 102 1582 rum
118 1533 244 1580 trecenta
258 1528 377 1594 triginta
392 1543 476 1578 unum
495 1528 582 1579 millia
606 1533 633 1578 et
654 1526 845 1593 septuaginta3

39 1613 169 1650 nummos
179 1612 281 1650 aureos
292 1595 452 1665 Philippeos
464 1602 575 1649 centum
587 1596 770 1663 quadraginta
783 1596 845 1646 mil·

39 1670 93 1731 lia3
125 1682 253 1719 vasorum
275 1674 471 1735 argenteorum
492 1667 600 1729 (omnia
619 1667 728 1717 caelata
754 1667 844 1727 erant)

39 1738 119 1790 mille
130 1738 223 1804 pondo
235 1744 263 1789 et
275 1738 479 1805 quadringenta
488 1736 590 1804 viginti
600 1740 741 1802 quattuor,
749 1750 845 1787 aureo·

38 1824 101 1861 rum
118 1807 197 1860 mille
213 1807 305 1873 pondo
326 1807 424 1874 viginti
446 1812 592 1873 quattuor:
615 1810 644 1857 et
663 1805 746 1858 duces
765 1805 846 1873 regii,

40 1875 195 1945 praefecti,
217 1883 245 1928 et
255 1877 402 1944 purpurati
414 1876 468 1928 duo
479 1882 508 1928 et
522 1876 639 1944 triginta
654 1881 719 1928 ante
737 1890 847 1926 currum

39 1947 128 2000 ducti.
164 1947 304 1999 Militibus
315 1947 392 2014 quini
407 1946 498 1998 viceni
519 1945 627 1997 denarii
647 1945 720 2007 dati,
742 1945 846 2012 duplex

40 2016 211 2079 centurioni,
232 2016 333 2085 triplex
344 2017 442 2083 equiti:
463 2021 492 2067 et
504 2015 672 2082 stipendium
683 2015 806 2067 militare
819 2020 847 2065 et

38 2087 210 2138 frumentum
223 2086 325 2153 duplex
336 2091 400 2154 post
410 2085 581 2152 triumphum
597 2085 700 2138 datum.
736 2084 846 2136 Proelio

39 2157 71 2207 in
84 2155 152 2207 Asia
165 2155 254 2218 facto,
276 2157 380 2222 duplex
397 2155 521 2208 dederat.
558 2155 752 2223 Triumphauit
775 2167 847 2206 anno

41 2224 104 2278 fere
114 2232 186 2291 port,
198 2242 280 2292 quam
293 2227 440 2278 consulatu
452 2226 532 2277 abiit.

95 2294 156 2347 LX.
174 2296 281 2348 Eodem
291 2295 351 2348 fere
368 2303 494 2362 temporo
511 2300 539 2346 et
550 2295 597 2347 Cn.
613 2294 734 2347 Manlius
751 2288 847 2342 consul

39 2367 72 2419 in
81 2365 189 2427 hainin,
202 2373 231 2417 et
240 2365 274 2427 Q.
286 2367 389 2419 Fabius
400 2366 495 2417 Labeo
506 2372 619 2430 praetor
630 2365 665 2416 ad
676 2363 791 2411 classem
803 2373 848 2410 ve-

39 2435 92 2487 nit.
129 2437 258 2488 Ceterum
275 2437 452 2487 consulinon
474 2434 570 2486 deerat
592 2449 654 2486 eum
670 2429 760 2481 Gallis
780 2427 848 2478 belli

40 2505 175 2561 materia,
199 2506 279 2558 Mare
288 2512 418 2572 pacatum
431 2511 502 2567 erat,
513 2503 624 2557 devicto
639 2497 793 2553 hnt'xoduo.
805 2498 864 2543 §o-

36 2576 144 2640 gltantr'
155 2576 185 2633 Q.
196 2575 300 2637 Fabio,
322 2578 370 2629 cui
384 2577 430 2631 rei
449 2577 641 2647 potissimum
653 2567 833 2640 indistorehs
844 2568 890 2604 W·

25 2643 150 2690 otiosam
157 2645 340 2705 provinciam
351 2646 497 2704 habuisse
509 2645 615 2702 rideri
622 2627 914 2713 possetaupffibxm

54 2706 84 2755 T.
96 2708 161 2760 Lm.
178 2713 253 2766 Tou.
264 2715 317 2770 lV.
626 2717 653 2771 h
665 2731 691 2767 a.
