1838 2954
9 126 725 203 mnxxxvmcm.r.s.[u.c.5oal.c‚1s9.]
743 132 795 188 sto

9 244 84 287 =rsus
95 248 153 297 eos,
166 234 253 301 quiin
265 233 391 286 cuniculo
405 239 493 297 erant,
512 236 676 303 excogitato
685 251 731 287 res
742 243 793 290 est.

9 304 102 357 olium
112 318 130 356 a
141 303 226 355 fundo
237 311 395 371 pertusum,
415 321 470 372 qua
481 304 575 357 fistulo
585 305 696 358 modica
709 306 795 358 inseri

9 381 98 437 roser,
122 379 151 427 et
162 374 284 426 fistulam
295 375 416 428 ferream
428 375 643 442 operculumque
660 376 730 427 dolii
740 376 795 428 fer·

9 454 76 509 ¹lim,
87 450 117 497 et
125 445 216 512 ipsum
228 444 355 512 pluribus
366 446 437 497 locis
447 445 634 512 perforatum,
657 445 793 499 fecerunt.

11 516 138 567 octenni
155 514 251 581 pluma
269 517 436 584 completum
454 514 559 566 dolium
576 529 624 568 ore
638 516 668 566 in
685 516 794 568 cunicu-

9 594 46 635 [ιιι
57 598 140 637 verso
150 592 312 651 posueruut.
349 585 403 638 Per
419 584 546 653 operculi
562 582 700 636 foramina
714 600 795 653 prae·

9 664 90 774 »ozee
101 652 215 718 hastae,
238 672 306 723 quas
318 656 437 709 sarissas
448 658 564 716 vocant,
575 653 612 705 ad
622 670 794 707 summoven-

9 731 38 775 os
67 730 146 776 ostes
156 725 324 778 eminebant.
362 724 520 777 Scintillam
530 724 620 777 levem
635 723 708 793 ignis
723 725 795 776 indi-

9 802 45 843 lm
55 793 183 860 plumae,
202 794 271 848 folle
282 795 381 848 fabrili
391 794 427 848 ad
439 800 524 863 caput
533 793 644 848 fistulae
654 794 795 861 imposito,

9 861 80 937 nullo
92 862 289 918 accenderunt.
307 866 375 919 lnde
385 881 440 918 non
451 866 540 917 solum
551 880 653 932 magna
662 867 704 916 vis
715 863 795 927 fumi,

9 932 37 985 nl
53 933 149 985 acrior
169 934 255 989 etiam
276 935 360 989 foedo
381 935 501 1003 quodam
520 934 619 986 nidore
639 948 674 987 ex
694 934 796 985 adusta

9 996 92 1065 loma,
103 1018 188 1070 quum
198 1011 290 1055 totum
301 1006 460 1056 cuniculum
471 1003 648 1068 complesset,
657 1001 704 1053 rix
714 1000 795 1054 dura·

9 1084 19 1128 t
67 1071 393 1140 'squamiutuspoterat

22 1162 25 1167 ·
92 1142 114 1195 l.
132 1142 224 1205 Quum
234 1142 263 1193 in
274 1141 327 1195 hoc
337 1148 415 1193 statu
424 1155 470 1192 res
481 1137 517 1192 ad
524 1138 700 1192 Ambraciam
712 1145 795 1204 esset,
808 1156 813 1160 ·

9 1210 75 1280 rgsti
83 1212 119 1263 ab
128 1212 233 1264 Aetolis
244 1211 386 1266 Phaeneas
399 1216 427 1264 et
437 1209 617 1273 Damoteles,
629 1225 689 1262 cum
699 1209 796 1261 liberis

9 1280 141 1344 nudatis,
162 1282 275 1336 decreto
295 1282 416 1352 gentis,·
431 1280 468 1333 acl
488 1281 630 1334 consulem
651 1285 795 1333 venerunt.

9 1349 59 1403 'am
79 1356 195 1418 praetor
210 1367 320 1417 eorum,
341 1367 424 1420 quum
447 1350 503 1403 alia
521 1357 602 1419 parte
617 1350 797 1404 Ambraciam

9 1421 144 1490 ppugnari
156 1430 298 1488 cerneret,
318 1423 376 1476 alia
386 1420 520 1475 infestam
531 1435 609 1472 oram
620 1420 737 1472 naribus
748 1418 796 1470 ho·

9 1491 72 1543 lum
82 1506 158 1554 esse,
179 1493 237 1545 alia
246 1491 443 1560 Amphilochos
454 1491 659 1558 Dolopiamque
675 1504 693 1541 o
703 1489 796 1541 Mace-

9 1560 106 1613 onibus
125 1563 246 1625 rostari,
268 1579 319 1616 nec
328 1564 445 1616 Aetolos
460 1562 544 1613 simul
559 1560 594 1611 od
609 1559 667 1611 tria
684 1558 795 1611 diversa

9 1630 62 1683 olla
71 1637 251 1683 occursantes
261 1630 397 1694 sufficere,
409 1635 562 1683 convocato
573 1628 701 1691 concilio,
711 1630 795 1681 Aeto·

9 1715 28 1751 »s
37 1698 187 1767 principes,
194 1700 260 1767 quid
269 1701 407 1768 agendum
414 1704 496 1762 esset,
505 1697 652 1750 consuluit.
664 1698 795 1750 Omnium

9 1783 19 1821 t
30 1769 188 1822 sententiae
199 1769 395 1833 decurrerunt,
406 1778 438 1822 at
444 1785 517 1837 pax,
528 1768 552 1820 εἰ
562 1776 668 1836 postet,
681 1768 796 1833 aequin

17 1838 116 1901 minas,
127 1840 279 1893 tolerandis
290 1839 492 1894 conditionibus
500 1847 649 1906 peteretur.
662 1837 795 1892 Antiochi

9 1908 200 1962 audebellum
219 1918 381 1980 susceptam.
417 1907 552 1962 Antiocho
575 1916 651 1960 terro
671 1908 795 1975 marique

9 1987 131 2046 sperato,
153 1988 180 2031 et
194 1996 282 2049 prope
302 1990 384 2034 extra
405 1980 496 2032 orbern
519 1986 609 2030 terrae
631 1980 705 2037 altro
725 1979 794 2048 laga

9 2046 79 2101 auri
89 2058 196 2112 exacto,
208 2066 287 2116 quom
299 2067 371 2118 spem
383 2067 438 2102 erre
451 2047 602 2101 sustinendi
613 2040 695 2115 belot
704 2048 795 2102 Pltae·

9 2134 50 2170 eas
59 2127 87 2171 et
97 2116 264 2183 Damoteles,
275 2122 346 2187 qaod
356 2138 369 2172 e
380 2137 409 2172 re
420 2119 591 2182 Aetolorum,
602 2128 634 2172 ut
645 2119 674 2172 in
685 2119 737 2172 toli
749 2135 793 2170 ca-

9 2204 25 2250 t,
46 2187 161 2255 fideque
172 2205 223 2240 aaa
234 2206 289 2241 esse
302 2197 452 2251 censerent,
463 2196 586 2257 agerent.
624 2189 703 2254 Quod
723 2189 794 2241 enim

9 2257 38 2309 bl
48 2257 204 2322 consilinm,
225 2269 274 2311 uret
286 2258 362 2310 caios
372 2259 413 2310 rel
424 2258 578 2311 electionem
589 2276 606 2311 a
619 2260 740 2331 fortuna
752 2273 794 2306 re·

9 2328 102 2381 ctum?
120 2330 190 2380 Cum
201 2326 244 2379 his
259 2328 399 2381 mandatis
415 2327 504 2395 legati
515 2329 594 2379 missi
606 2342 687 2378 orare
699 2340 793 2376 consu·

9 2413 50 2462 rm,
61 2405 93 2450 ut
99 2406 230 2467 parceret
241 2399 312 2462 urbi,
324 2397 499 2451 nrirereretur
506 2398 600 2468 gentis
612 2396 743 2461 quondam
752 2410 793 2444 so-

9 2468 55 2533 5ae,
65 2471 135 2522 nolle
147 2469 235 2521 dicere
246 2467 373 2533 iniuriis,
387 2467 502 2520 miseriis
515 2476 587 2520 certe
598 2473 711 2517 coactae
719 2465 798 2514 inso-

9 2537 54 2589 lre.
89 2538 151 2590 Non
164 2541 234 2604 ,olas
243 2539 313 2592 mali
329 2538 443 2594 meritos
455 2538 570 2594 Aetolos
583 2532 720 2587 Antiochi
734 2531 828 2583 lello,

9 2603 217 2671 ambone'ante,
240 2626 327 2678 quum
339 2613 483 2667 adamus
496 2606 677 2675 Philippum
699 2599 850 2649 ostiorum

16 2666 136 2734 fleme·
165 2675 301 2735 Nectum
314 2685 406 2756 large
414 2683 565 2756 gratiam
575 2679 716 2732 relatam
727 2662 786 2717 sibl*
795 2661 871 2718 ol*
