1838 2954
280 39 376 67 lituum
388 39 462 67 ulam·
473 39 558 66 ΙΙυΥᾶθ
569 39 614 66 [ΕΒ
628 38 755 76 turnum,
768 39 908 82 unguunt-

280 84 344 136 thes
355 99 417 148 rex,
440 91 519 151 parte
531 84 649 136 dimidia
658 85 793 150 pecuniae
803 87 914 151 impera

281 154 325 205 nis
337 154 483 216 beneficio,
496 157 540 206 cui
552 155 736 221 desponderat
745 170 795 221 per
806 171 855 207 ecs
866 155 913 207 (lie

281 226 376 285 atissa,
387 225 416 275 in
427 224 579 275 amicitiam
591 231 635 276 est
646 231 783 292 acceptus.
821 225 916 277 Gitita

283 294 405 361 cognitis
417 294 517 357 causis,
525 295 620 346 decem
633 295 722 361 legati
734 295 820 346 aliam
831 295 906 346 aliar

283 362 480 416 conditionem.
510 364 589 426 Quae
600 365 801 432 stipendiariae
811 365 905 432 regin

282 439 360 499 runt,
370 441 398 487 et
409 450 469 486 eum
481 435 585 502 populo
597 435 721 488 Romano
733 441 894 496 senserant,

283 510 372 556 tatem
383 505 532 557 dederunt:
555 521 625 572 quae
635 508 757 574 partium
768 504 902 556 Antiochi

283 575 486 641 stipendiariae
496 576 585 627 Attali
595 578 684 643 regis,
694 590 741 627 eas
751 590 919 627 omnesrec

283 659 315 697 re
328 645 447 697 Eumeni
465 645 616 698 iusserunt.
653 645 825 698 Nominatim
846 660 915 713 prae

283 713 407 781 phcniis,
421 714 467 781 qui
478 715 508 764 in
520 715 606 768 Notio
618 715 752 776 habitant,
763 722 791 767 et
803 717 910 779 cymae

283 783 358 834 senis
369 784 574 837 immunitatem
586 791 790 838 concesserunt.
807 785 893 835 Clazo

283 854 503 916 immunitatem,
525 861 553 906 et
572 855 756 922 Drymussam
775 854 895 905 insulam

284 929 362 976 runt:
383 930 412 976 et
421 924 551 986 Milesiis,
564 940 644 991 quem
657 939 765 975 sacrum
777 924 910 990 appellari

286 995 451 1047 stituerunt:
464 1001 493 1045 et
503 994 652 1047 iliensibus
663 992 818 1046 Rhoeteum
831 1001 859 1046 et
870 992 914 1045 Ge

287 1064 428 1127 (liderunt,
440 1079 495 1115 uon
507 1071 563 1115 tam
574 1066 609 1116 ob
621 1066 745 1117 recentia
754 1065 815 1114 ulla
827 1062 910 1114 merit

282 1135 381 1201 'ginum
402 1134 546 1187 memoria.
591 1132 698 1185 Eadem
719 1139 748 1186 et
769 1133 903 1185 Dardana

287 1203 447 1256 ‹ausafuit
485 1203 569 1256 Chius
591 1218 708 1270 quoque,
730 1210 759 1255 et
778 1203 916 1270 Smyrnae

285 1271 410 1335 timaeus,
422 1287 473 1340 pru
485 1273 621 1342 singulari
631 1274 701 1335 fide,
723 1288 805 1341 quam
817 1289 850 1325 eo
857 1272 908 1325 bel

285 1344 650 1444 1ιιιιίιζωι,οἱεισιξιηιῐοιιιιιιιιιι,
663 1343 729 1395 etin
741 1343 912 1409 omniprace

432 1418 444 1444 4-
654 1430 684 1444 un
697 1419 725 1444 nl-
736 1429 802 1444 ιιιηιιι
840 1428 902 1444 unm
