1844 2962
33 144 66 181 ts.
77 124 207 181 xxxiv.
220 127 293 181 Cir.
303 128 394 184 4445.
406 129 451 198 [U.
459 130 553 185 (1.558.
562 130 633 184 A.C.
643 134 709 200 194]
727 134 779 190 189

33 200 778 228 ——1-——1——————--—.—-

33 240 52 287 t.
72 232 224 301 Equitibus
235 248 342 301 quoque
352 235 500 301 perpaucis
511 234 635 302 adempti
646 238 722 302 equi,
731 253 783 289 nce

33 302 107 355 llum
129 302 255 355 ordinem
275 303 420 355 saevitum.
457 304 563 356 Atrium
576 305 733 357 Libertatis
754 314 783 357 et

33 377 55 425 {a
63 370 181 441 publica
191 371 226 424 ab
237 372 337 425 iisdem
347 371 455 424 reiecta
465 374 635 441 amplificata
654 390 697 427 ue.
725 372 784 425 Ver

33 456 88 496 nrm
109 441 224 508 ludique
244 442 345 504 votivi,
370 457 440 509 quos
459 450 574 496 voverat
592 444 622 497 P.
636 390 783 510 {ulpicius

33 513 70 565 lta
80 510 193 575 consul,
209 509 287 562 lacti.
323 512 440 573 Quums
460 513 585 564 ectaculo
597 528 692 566 eorum
703 528 784 565 occu·

33 580 137 634 laniml
148 580 271 631 omnium
283 585 385 643 essent,
395 581 428 642 Q.
439 527 600 645 f'leminius,
611 584 659 648 qui
669 590 785 650 propter

33 650 109 703 tuin
119 648 189 701 deos
199 648 380 715 hominesque
396 649 517 714 scelera,
537 652 637 705 Locris
654 652 784 715 admissa,

33 732 158 773 merem
169 719 311 771 coniectus
322 718 424 780 fuerat,
431 728 643 785 comparaverat
650 720 785 785 homines,

39 788 169 857 plunlsus
183 788 266 839 simul
282 787 352 839 locis
366 787 444 838 urbis
458 796 539 840 nocte
560 791 691 843 incendia
711 790 785 843 iace·

33 865 54 923 t;
73 857 154 909 utin
170 863 350 909 consternata
370 862 506 909 nocturno
529 860 651 911 tumultu
671 861 785 915 ciritate

33 928 95 997 iugi
107 940 204 981 carcer
217 932 322 995 posset.
357 927 401 977 Ea
420 941 465 979 res
484 928 589 980 indicio
609 930 785 981 consciorum

33 1014 70 1052 rur
81 995 173 1059 faeta,
195 996 345 1063 delataque
357 995 393 1047 ad
403 1003 531 1049 senatum
547 1003 598 1049 est.
633 997 785 1051 Pleminius

33 1066 184 1121 nieriurem
197 1065 333 1118 demissus
345 1080 485 1117 carcerem
496 1071 549 1128 est,
558 1072 736 1134 necatusque.

33 1136 120 1190 XLV.
140 1135 274 1188 Coloniae
289 1136 389 1187 civium
400 1137 591 1187 Romanorum
606 1149 639 1186 eo
657 1151 728 1187 anno
740 1135 787 1188 de·

33 1212 81 1258 tae
88 1211 156 1257 sunt
165 1205 306 1267 Puteolos,
316 1204 497 1266 Vulturnum,
507 1203 666 1268 Liternum3
680 1206 789 1259 treceni

33 1276 109 1329 sines
122 1275 153 1327 in
166 1275 300 1342 singulas.
336 1275 406 1327 ltem
417 1273 563 1327 Salernum
576 1272 788 1341 Buxentumque

34 1345 110 1397 »niae
120 1344 415 1397 civiumRomancrum
424 1343 561 1399 deductae
568 1350 641 1397 sunt.
659 1342 789 1397 Deduxe-

39 1414 171 1476 eiumviri,
183 1416 216 1466 Τ.
228 1413 408 1481 Sempronius
418 1413 546 1483 Longus,
563 1415 680 1481 quitum
690 1412 788 1467 consul

45 1521 55 1549 ‚
70 1484 113 1536 M.
124 1482 274 1547 Servilius,
289 1486 323 1547 Q.
334 1484 473 1537 Minucius
483 1483 629 1536 Thermus.
664 1487 739 1552 Ager
749 1483 789 1534 di·

49 1558 125 1617 rest,
145 1552 194 1621 qui
205 1556 407 1620 Campanorum
421 1552 521 1606 fuerat.
558 1553 704 1620 Sipontum
718 1555 789 1611 item

53 1638 136 1686 rum,
157 1624 205 1690 qui
220 1625 386 1690 Arpinorum
401 1622 507 1685 fuerat,
528 1623 667 1674 coloniam
688 1624 790 1674 civium

58 1708 172 1747 anorum
186 1692 234 1745 alii
244 1694 391 1754 triumviri,
401 1693 436 1746 D.
447 1694 541 1744 lunius
552 1693 666 1753 Brutus,
672 1692 710 1742 Μ.
721 1691 790 1744 Bae·

62 1762 234 1829 Pamphilus,
247 1764 286 1814 M.
298 1763 417 1815 Helvius
430 1763 611 1815 deduxerunt.
640 1763 788 1830 Tempsam

67 1840 94 1886 et
106 1835 256 1885 Crotonem
272 1832 373 1887 civium
389 1833 578 1889 Romanorum
599 1832 727 1884 coloniae
744 1830 790 1883 de·

72 1918 94 1955 e.
131 1904 305 1970 Tempsanus
321 1916 388 1968 ager
408 1902 442 1954 de
456 1902 575 1953 Bruttiis
599 1911 697 1969 captus
716 1907 789 1953 crat:

76 1974 93 2024 'xi
103 1971 227 2024 Graecos
240 1972 412 2036 expulerant.
434 1973 585 2023 Crotonem
597 1971 697 2025 Gracci
708 1970 790 2022 habe·

96 2041 251 2095 'l'riumviri
263 2042 310 2091 Cn.
323 2042 464 2103 Octavius,
476 2040 508 2092 L.
519 2041 654 2093 Aemilius
665 2040 789 2100 Paullus,

88 2114 195 2163 ctorius
218 2114 382 2173 Crotonem3
414 2113 563 2177 Tempsam
590 2111 623 2162 L.
645 2110 790 2162 Cornelius

91 2187 137 2233 tet
147 2182 176 2232 C.
190 2180 319 2232 Salonius
329 2180 509 2233 deduxerunt.
538 2180 672 2250 Prodigia
681 2193 790 2249 quoque

96 2266 113 2300 a
125 2264 158 2303 eo
170 2267 242 2303 anno
255 2251 360 2303 Romae
371 2257 444 2312 sunt,
457 2251 513 2302 alia
523 2252 658 2303 nuntiata.
676 2251 707 2302 ln
718 2249 791 2309 foro,

100 2320 154 2383 tio,
176 2327 204 2372 et
215 2320 354 2386 Capitolio
365 2320 506 2387 sanguinis
518 2328 615 2388 guttae
627 2321 701 2371 visae
712 2324 790 2370 sunt:
890 2368 894 2373 ,

105 2408 113 2442 t
132 2389 282 2457 aliquoties
305 2389 388 2455 pluit:
416 2397 444 2441 et
467 2399 552 2457 caput
573 2389 692 2441 Vulcani
712 2388 790 2438 arsit.
891 2382 897 2441 l

110 2475 152 2510 um
164 2468 220 2521 cst,
234 2459 307 2510 Nare
319 2460 392 2510 amni
403 2459 447 2511 lac
458 2460 583 2513 fluxisse:
599 2457 791 2579 1puerosinge·
889 2456 897 2505 l

117 2531 185 2580 mini
196 2532 255 2581 sine
266 2531 354 2580 oculis
366 2545 399 2581 ac
410 2546 490 2595 naso;
512 2538 540 2583 et
559 2531 588 2582 in

622 2529 699 2578 iceno
721 2542 790 2595 agro
890 2548 897 2561 ·

119 2616 161 2661 us,
172 2616 226 2650 non
238 2599 322 2665 pedes
333 2598 478 2652 habentem
490 2606 594 2651 iratum.
613 2598 655 2647 Ea
664 2596 792 2664 prodigia
887 2580 899 2647 ⁴.

123 2671 198 2722 icum
211 2670 322 2721 decreto
334 2676 492 2736 procurata.
521 2666 796 2719 Etsacrillciumno-
897 2684 899 2715 l
