1844 2962
230 39 280 48 ...
362 39 666 69 t.....„„.........„„.,
684 39 718 55 „-

11 71 720 93 —--....——-..

11 97 179 149 iitudinibus
191 99 320 166 silvisque
330 116 361 151 se
373 101 460 151 tutari
469 116 518 152 rex
531 102 672 165 voluisset,
683 105 719 155 si·

11 184 16 215 r
28 166 135 218 effectu
146 175 238 219 nestas
249 168 455 221 extraheretur.
491 170 633 237 Utcunque
645 182 719 225 esset

24 236 80 286 iiio
91 236 152 301 ipso
163 244 220 286 tarn
231 238 326 304 iniquo
337 238 400 288 loco
413 238 527 305 aggredi
538 238 645 293 hostem
659 243 719 308 pia·

17 304 77 356 Sed
87 306 176 371 aragia
187 306 247 357 fieri
256 307 285 357 id
296 307 438 373 placebat,
460 323 555 374 quam,
577 312 717 377 quomodo

15 374 90 425 satis
101 374 293 440 expediebant.

11 443 82 495 Dies
92 444 278 511 quadraginta
288 445 346 497 sine
358 446 417 496 ullo
433 452 534 498 conatu
549 446 675 500 sedentes
687 450 716 501 in

13 519 65 565 ctu
87 512 209 564 hostium
231 515 449 580 absumpserant.
484 516 551 567 ludo
571 532 633 582 spes
650 517 717 570 datu

10 596 44 648 po
56 588 115 644 est,
134 596 184 648 per
194 583 370 648 Epirotarum
381 592 492 649 gentem
503 584 653 636 tentandae
671 603 717 653 pa·

13 653 135 716 bitoque
146 651 371 704 eonsiliodeleeti
383 653 420 704 ad
431 669 492 705 eam
503 668 561 704 rem
573 654 716 721 agendam,

10 721 64 771 rias
75 728 203 787 praetor,
223 728 252 773 et
261 721 417 773 Alexander
427 722 562 788 magister
582 723 715 789 equiturn,

10 805 55 843 em
67 794 96 841 et
106 803 210 857 regem,
230 790 278 841 ubi
292 791 320 841 in
333 791 490 843 artissimas
498 792 574 857 ripas
584 793 660 844 nous
671 809 716 845 eo·

12 858 100 921 mois,
111 858 141 908 in
151 859 320 925 colloquium
332 860 516 912 adduxerunt.
544 858 657 914 Sumam
667 877 715 929 po·

13 942 80 979 runs
93 928 218 979 consulis
228 934 297 990 erat.
305 928 443 994 praesidia
454 944 488 980 ex
499 928 715 983 civitatibusrex

10 1003 73 1049 iret.
84 995 258 1063 linquerent
270 1012 354 1063 agros
364 996 501 1065 urbesque
514 1000 663 1063 populatus
674 1014 715 1050 es·

10 1066 109 1119 ideret
120 1080 174 1127 res,
195 1081 265 1133 quae
275 1073 479 1132 eonrparerent:
503 1072 657 1119 ceterorum
669 1083 716 1120 ae·

10 1134 101 1188 bitrio
112 1134 270 1186 aestimatio
282 1135 371 1189 fleret.
399 1132 542 1202 Phiiippus
552 1135 637 1187 aliam
646 1137 716 1189 alia·

10 1202 141 1257 mentium
153 1204 333 1258 conditionem
344 1221 399 1257 esse
409 1204 562 1271 respoudit.
580 1203 715 1274 erasipse

10 1284 34 1339 t,
45 1289 93 1325 eas
103 1272 292 1326 liberaturum.
333 1272 408 1338 Quae
419 1274 471 1327 ridi
492 1275 644 1328 traditore
659 1293 715 1328 rreu-

10 1362 13 1391 ι
23 1351 129 1405 eueni,
141 1359 235 1395 earum
245 1342 413 1396 hereditaria
425 1361 458 1395 ae
468 1344 542 1396 iusta
550 1344 715 1411 possessione

10 1429 153 1467 recturum.
191 1413 223 1464 Si
232 1431 297 1481 quas
310 1422 488 1480 quererentur
498 1413 560 1464 tetri
570 1414 658 1465 clades
669 1431 715 1465 eee

10 1500 45 1547 rs,
58 1498 120 1533 eum
140 1482 234 1550 quibus
250 1483 375 1535 bellatum
391 1484 490 1552 foret;
511 1480 641 1545 arbitrio,
664 1498 715 1547 pue

10 1590 15 1614 ,
23 1554 198 1621 populorum,
218 1569 277 1604 erem
288 1551 383 1619 quibus
396 1567 455 1617 pax
466 1549 590 1616 utrisque
604 1548 717 1619 suisset,

9 1638 72 1675 um.
96 1622 208 1683 Consul,
217 1620 295 1672 Niriz
305 1623 341 1672 ad
351 1620 380 1669 id
387 1619 491 1686 quidem
502 1619 606 1672 arbitro
618 1629 667 1672 eret
677 1617 717 1671 iu·

13 1707 45 1742 ur
59 1707 124 1752 esre,
136 1690 236 1742 dicere.
272 1688 323 1741 Cui
333 1688 401 1741 enirn
411 1707 464 1741 aron
474 1705 621 1756 apparere,
632 1691 665 1741 ab
677 1707 716 1752 eo,

10 1761 48 1811 ior
69 1776 148 1810 oraria
161 1759 306 1819 intulisset,
327 1757 457 1810 iniuriam
469 1761 577 1810 ortem?
591 1776 639 1812 nec
649 1759 717 1811 Plri-

21 1828 57 1880 ab
69 1827 132 1879 uilis
152 1828 217 1881 bede
239 1827 401 1889 lacessitum,
421 1827 508 1892 iprum
525 1829 647 1894 priorem
664 1827 716 1879 oirn

10 1896 150 1968 refecisse.
187 1896 253 1948 inde
266 1912 347 1962 quum
359 1903 497 1962 ageretur,
508 1912 577 1962 quae
589 1898 716 1948 ciritates

10 1967 75 2018 idae
87 1972 188 2026 essent,
210 1965 363 2018 Thessalos
375 1965 479 2030 primos
496 1966 617 2017 omnium
630 1967 715 2017 norni-

10 2035 106 2087 2onsul.
125 2035 167 2085 nd
179 2034 208 2084 id
220 2050 285 2085 vero
298 2035 368 2085 adeo
381 2049 512 2085 aecensus
523 2035 714 2103 indignatione

13 2142 22 2165 ,
34 2111 66 2154 ut
80 2103 258 2166 exrlnmaret,
277 2103 343 2168 quid
350 2103 421 2153 vieto
430 2104 545 2171 gravius
557 2105 714 2171 imperares,

9 2174 93 2227 'riceii‘
104 2180 188 2238 atque
200 2173 241 2223 ita
251 2188 281 2222 se
293 2188 327 2222 ex
343 2172 483 2237 colloquio
496 2174 641 2239 proripuit.
677 2174 715 2223 Et

9 2251 97 2295 :atum
111 2257 193 2307 aegre
205 2249 259 2302 est,
268 2240 332 2305 quin
343 2240 504 2301 missilibus,
514 2239 717 2307 quiadirempti

14 2312 92 2363 amni
114 2309 233 2369 fuerant,
253 2324 372 2374 pugnam
393 2310 466 2360 inter
483 2326 514 2361 se
530 2316 715 2361 consererent.

11 2398 28 2433 o
48 2381 93 2431 die
106 2394 155 2446 per
164 2378 339 2429 excursiones
351 2379 385 2430 ab
402 2379 578 2434 stationibus
593 2377 732 2449 primuin

14 2468 37 2511 r,
48 2450 121 2499 satis
129 2447 206 2496 adid
214 2449 342 2515 patenti,
363 2452 459 2507 multa
481 2453 565 2508 levia
582 2450 748 2507 neminisse.

16 2522 98 2565 sunt.-
108 2512 208 2566 deinde
218 2518 431 2589 recipientibus
443 2543 479 2583 se
491 2528 589 2600 regiis
597 2526 638 2581 iu
646 2530 723 2581 arta
731 2526 764 2572 et
