1838 2954
24 37 49 67 F

87 124 514 183 cremifanensis-ao.
525 125 735 196 [nomano.
745 127 813 195 1884
830 128 883 182 400

11 256 19 289 ι
69 232 207 296 Fulvius,
228 232 359 299 quiaiam
370 234 399 285 ln
411 233 489 285 exitu
504 247 591 283 annus
607 240 681 294 erut,
704 233 882 284 comitiorum

11 326 25 359 r
71 317 164 357 cause
181 302 323 369 proiectus
334 303 468 366 Roaiam,
490 301 596 353 crearit
614 301 741 353 consules
750 301 790 352 M.
802 302 884 355 Vale·

11 396 22 429 a
71 378 149 429 rium
160 372 309 424 Mesallam
326 379 355 424 et
366 374 394 424 C.
405 372 515 423 Livium
527 369 727 433 Salinatorem,
750 386 833 438 quum
844 371 883 422 M.

11 464 26 513 ᾗ.
72 442 226 499 Aemilium
237 441 372 509 Lepidum
386 443 577 503 inimicum,eo
590 456 697 507 quoque
706 456 778 491 anno
791 448 885 506 peten-

72 520 150 574 tem,
171 511 328 564 deiecisset.
364 511 514 564 Praetores
535 509 601 562 inda
616 512 702 562 creati
715 511 747 570 Q.
759 511 885 561 Marcius

11 602 27 637 ι
72 580 237 647 Philippus,
255 582 295 633 Μ.
307 582 440 633 Claudius
458 580 623 643 ltlurcellus,
639 581 668 631 C.
680 578 844 651 Stertinius,
855 581 885 632 C.

11 674 26 707 r:
73 652 205 711 Atinius,
223 649 254 702 P.
265 651 398 703 Claudius
408 649 542 712 Pulcher,
562 649 595 700 L.
607 649 729 701 Manlius
742 649 885 701 Acidinus.

11 744 25 777 ι
76 720 211 775 comitiis
225 720 372 786 perlectis,
393 721 534 772 consulem
545 718 584 769 M.
596 718 723 770 Fulrium
734 718 763 769 in
777 719 887 786 provin·

11 812 26 847 ι
76 792 153 845 ciam
164 788 199 841 ad
210 792 363 842 exercitum
376 789 469 842 redire
479 789 598 857 placuit3
621 790 703 856 eiquo
712 793 743 841 et
758 789 886 856 collegae

10 858 28 915 'a
77 862 131 913 cn.
140 858 247 911 Manlio
261 862 407 926 inlperinm
421 863 449 911 in
461 874 563 911 annum
574 864 755 926 prorogatum
767 866 818 911 est.
842 861 886 911 Eo

10 950 28 985 ι
77 942 156 985 anno
166 928 299 981 lnaedem
311 930 441 981 llerculis
452 930 561 996 signum
573 928 617 980 dei
627 928 715 994 ipsius
727 943 766 979 ex
781 929 889 980 decem-

10 1022 26 1057 ι·
77 1000 206 1051 virorum
215 1012 363 1065 responso,
373 1005 402 1051 et
413 1000 525 1067 seiuges
535 999 563 1048 in
575 997 714 1064 Capitolio
725 998 820 1049 aurati
830 1014 847 1049 a
856 998 887 1050 P.

10 1090 24 1125 a
79 1066 213 1123 Cornelio
225 1069 319 1135 positi.
357 1069 508 1122 Consulem
524 1065 634 1118 dedisse
652 1066 815 1131 inscriptum
837 1076 889 1120 est.

10 1158 25 1193 a
77 1140 120 1193 nt
130 1134 279 1191 duodecim
291 1139 382 1205 clipea
393 1144 492 1190 aurata
502 1138 536 1190 ab
548 1135 685 1187 aedilibus
696 1136 848 1198 curulibus,
858 1136 890 1188 P.

10 1230 26 1264 e
80 1206 200 1263 Claudio
211 1205 329 1261 Pulchro
340 1215 369 1261 et
378 1208 438 1261 Ser.
448 1206 573 1277 Sulpicio
585 1205 689 1266 Galba,
710 1216 776 1257 sunt
797 1206 891 1274 posita

10 1300 28 1335 a
79 1277 260 1345 expecunia,
279 1294 333 1346 qua
343 1278 542 1332 frumentarios
554 1278 589 1328 ob
599 1292 634 1328 an
656 1290 736 1327 onam
753 1290 892 1341 conrpres·

10 1354 29 1405 b
80 1362 143 1401 sam
155 1346 329 1399 damnarunt.
341 1349 377 1400 Et
389 1348 490 1401 aedilis
501 1347 591 1414 plebis
601 1347 635 1410 Q.
661 1345 759 1398 'ulvius
770 1346 891 1398 Flaccus

10 1436 29 1475 rr
67 1418 140 1471 ouo
151 1416 233 1484 signa
244 1424 356 1482 aurata,
368 1434 423 1470 uno
434 1434 483 1471 reo
496 1418 642 1479 damnato,
653 1420 728 1484 (nam
739 1417 891 1482 separatim

10 1508 30 1543 ε
81 1491 295 1551 accusaverant)
307 1490 410 1554 posuit.
447 1490 572 1556 Collega
583 1487 644 1538 eius
659 1490 690 1539 A.
701 1486 836 1537 Caecilius
847 1502 881 1537 ne

10 1578 30 1613 r.
81 1557 189 1611 minem
200 1557 401 1610 condemnarit.
421 1558 496 1610 Ludi
510 1556 626 1609 Romani
637 1563 689 1618 ter,
701 1555 804 1623 plebeii
816 1557 894 1623 quin·

10 1650 30 1685 ις
83 1628 167 1696 quies
178 1627 233 1679 toti
242 1629 402 1681 instaurati.
438 1629 477 1679 M.
486 1627 620 1680 Valerius
630 1626 764 1677 Messalla
784 1626 850 1677 inde
864 1634 894 1679 et

10 1706 32 1755 a't
84 1700 117 1751 G.
127 1696 226 1749 Livius
237 1694 378 1749 Salinator
395 1698 568 1751 consulatum
582 1696 675 1749 ldlbus
685 1694 798 1746 Martiis
810 1711 893 1761 quum

10 1796 31 1831 ,ι
84 1767 254 1829 intereundo
266 1769 416 1833 republica,
424 1770 512 1835 deque
523 1766 675 1834 provinciis
686 1770 714 1817 et
726 1766 897 1818 exercitibus

9 1846 35 1894 l!
83 1842 214 1892 senatum
225 1839 431 1889 consuluerunt
466 1839 510 1890 lle
520 1836 633 1889 Aetolia
643 1843 671 1887 ot
681 1835 748 1886 Asia
759 1833 826 1887 nihil
839 1853 897 1888 rnu-

10 1915 36 1963 ².·:-
83 1913 179 1961 tatum
190 1913 243 1959 est.
279 1908 453 1971 Consulibus,
475 1907 560 1959 alteri
571 1906 651 1957 Pisae
663 1920 723 1956 cunr
736 1906 896 1973 Liguribus,

9 1996 36 2033 ,τι
86 1977 173 2030 altari
183 1976 276 2029 Gallia
288 1978 432 2043 provincia
443 1977 557 2029 decreta
568 1982 618 2028 est.
644 1976 813 2041 Comparare
824 1979 897 2029 inter

9 2064 37 2117 gs
87 2062 131 2109 sa,
142 2052 191 2099 aut
201 2048 299 2098 sortiri
310 2048 394 2110 iussi,
415 2053 444 2098 et
457 2061 543 2098 noros
555 2047 702 2107 exereitus,
721 2046 800 2098 binas
810 2048 898 2115 legio·

9 2136 37 2171 ur
88 2131 151 2179 nas,
160 2116 296 2180 scribere,
317 2123 346 2170 et
358 2127 389 2169 ut
400 2117 485 2168 sociis
498 2116 590 2166 latini
602 2114 720 2167 nominis
732 2119 814 2183 quina
825 2120 898 2170 dena

9 2206 36 2240 rs
90 2186 182 2239 millia
192 2186 318 2253 peditum
331 2188 544 2255 iniperarent,et
554 2185 630 2238 mille
642 2195 669 2239 et
680 2185 813 2240 ducentos
823 2186 899 2253 equi·

9 2270 36 2311 tt
90 2262 145 2309 tes.
180 2256 332 2311 lllessallae
343 2257 479 2324 Ligures,
501 2256 653 2308 Salinatori
673 2257 775 2324 obtigit
794 2255 898 2308 Gallia.

9 2344 33 2379 ,e
91 2325 241 2379 Praetores
251 2327 315 2379 inde
325 2328 422 2380 sortiti
433 2333 505 2378 sunt.
540 2326 580 2378 M.
594 2326 711 2377 Claudio
727 2327 847 2388 urbana,
868 2324 898 2377 P.

9 2406 32 2449 la
91 2395 208 2448 Claudio
221 2399 367 2464 peregrina
377 2396 532 2448 iurisdictio
543 2396 641 2449 evenit.
679 2395 712 2455 Q.
723 2394 845 2445 Marcius
856 2394 898 2446 Si·

9 2467 31 2533 gi
92 2465 201 2527 cilium,
221 2468 250 2519 C.
261 2466 413 2519 Stertinius
425 2466 598 2529 Sardiniam,
619 2464 654 2515 L.
665 2462 910 2522 Manliusbl'xsua·

91 2535 165 2586 niam
178 2536 343 2601 citeriorem,
354 2538 381 2590 C.
394 2538 507 2591 Atinius
517 2538 695 2591 ulteriorem
705 2537 755 2580 est
764 2529 909 2598 sosimus.

9 2616 22 2648 r
99 2667 107 2679 ,
136 2604 266 2657 XXXVI.
284 2606 332 2660 De
344 2601 739 2677 exercitibnsitanlacdnta
760 2590 906 2675 eGJ-{W

67 2680 186 2737 8¹⁰¹¹0⁸s
201 2678 347 2741 ouaesub
359 2682 393 2738 G.
407 2684 524 2744 Laelio
533 2682 674 2741 laertes
707 2663 815 2722 um·
827 2656 902 2704 m
