1838 2954
15 39 182 73 sanun.
195 39 377 73 ouras-uu.
389 39 750 93 [u·u,ooo·u.u.159.joeo

15 101 749 121 ..........-.-.....-.-.....-.

22 129 198 193 oonsulibus,
219 129 349 182 Valerius
364 130 461 182 Antias
471 135 638 193 auctorest,
658 145 749 183 rumo-

15 200 154 254 celehrem
165 202 271 253 Romae
281 198 383 263 luisse,
404 207 432 253 et
444 215 533 266 paene
549 215 600 266 pro
613 206 689 254 certo
701 199 750 254 ha-

15 287 47 334 n,
64 271 220 337 recipiendi
231 271 370 338 Scipionis
383 270 567 323 adolescentis
579 274 670 334 causa,
686 285 750 322 con·

15 357 33 393 n
51 342 85 392 L.
102 339 274 407 Scipionem,
294 346 322 392 et
345 356 406 392 cum
430 356 462 392 eo
479 340 508 391 P.
523 340 701 404 Africanum,
720 341 750 392 in

15 410 115 478 »quium
132 418 264 462 evocatos
285 411 374 478 regis,
394 417 422 462 et
442 412 519 477 ipsos
538 409 752 478 comprehensos

15 501 17 538 ;
30 486 67 543 et,
77 480 193 533 ducibus
207 482 307 547 captis,
318 479 466 532 confestim
480 481 515 533 ad
527 488 620 533 castra
626 482 753 534 Romana

15 551 97 604 citum
119 551 245 613 ductum,
276 566 363 617 eaque
388 557 561 618 expugnata,
590 558 619 604 ct
644 552 753 605 deletas

15 636 39 672 cs
60 621 155 688 copias
172 621 361 681 Romanorum
381 637 451 673 esse.
488 622 529 672 oh
552 620 622 674 haec
636 622 753 673 Aetolos

15 690 91 744 disse
101 691 218 753 animos,
230 697 258 742 et
267 691 397 742 abnuisse
409 691 548 758 imperata
558 690 661 754 facere,
679 692 753 758 prin·

15 775 74 827 ique
85 775 180 812 eorum
191 761 219 812 iu
231 761 441 824 Macedoniam,
464 769 494 814 et
504 762 533 813 in
545 762 703 824 Dardanos,
724 768 753 813 et

15 829 145 894 traciam,
165 831 201 882 ad
212 830 392 883 conducenda
403 832 532 884 mercede
543 832 648 884 auxilia
659 830 752 898 profe·

50 901 130 952 Haec
147 901 194 967 qui
210 900 369 953 nuntiarent
387 901 520 962 Romam,
539 902 571 952 A.
588 901 753 953 Terentium

15 985 100 1023 onem
117 976 146 1022 et
158 971 197 1021 M.
210 970 356 1022 Claudium
371 970 508 1037 Lepidum
528 972 562 1022 ab
578 971 609 1022 A.
622 970 751 1022 Cornelio

15 1045 127 1093 rectore
138 1056 173 1093 ex
183 1040 295 1093 Aetolia
304 1039 404 1090 missos
415 1055 485 1091 esse.
511 1038 639 1091 Subtcxit
651 1039 752 1092 deinde

15 1110 57 1163 lae
67 1109 144 1173 huic,
164 1109 399 1178 legatosAetolos
415 1110 443 1161 in
459 1115 558 1161 senatu
575 1109 649 1160 inter
660 1115 753 1161 cetera

15 1195 118 1247 puoque
128 1181 317 1247 interrogatos
330 1193 399 1243 esse,
415 1179 486 1232 unde
498 1179 648 1242 audissent,
666 1180 752 1246 impe·

15 1264 55 1302 res
65 1249 206 1303 Romanos
217 1250 247 1301 in
258 1250 326 1301 Asia
337 1257 434 1315 captos
444 1251 479 1302 ab
487 1249 626 1302 Antiocho
637 1264 713 1316 rege,
724 1255 753 1302 et

15 1320 98 1373 citum
109 1319 230 1373 deletum
243 1335 317 1385 esse3
328 1321 444 1373 Aetolos
455 1320 683 1388 respondissem
694 1320 752 1372 suis

15 1390 48 1443 lis
58 1405 97 1453 se,
112 1391 234 1456 quicum
247 1390 361 1442 consule
372 1390 488 1454 fuerint,
503 1391 638 1443 certiores
650 1389 750 1442 factos.

17 1461 74 1512 oris
85 1458 166 1512 huius
179 1461 245 1527 quia
254 1461 392 1513 neminem
404 1461 490 1512 olium
503 1457 751 1520 auctorcmhalreo,

17 1546 32 1583 e
48 1529 188 1582 affirmata
205 1546 250 1582 res
265 1546 329 1584 mea
341 1531 471 1598 opinione
482 1530 534 1593 sit,
554 1545 606 1581 nec
618 1543 669 1596 pro
680 1544 752 1580 rana

15 1601 151 1654 termissa.

15 1671 96 1723 [LIX.
107 1671 199 1723 Aetoli
210 1671 300 1737 legati
309 1672 339 1722 in
350 1676 477 1722 senatum
488 1668 651 1731 introducti,
666 1683 750 1735 quum

15 1756 69 1792 usa
81 1754 128 1793 eos
140 1757 191 1794 sua
203 1750 230 1792 et
240 1741 353 1793 fortuna
365 1740 535 1800 hortaretur,
547 1745 579 1789 ut
590 1740 750 1792 confitendo

15 1826 77 1863 suae
94 1810 192 1876 culpae
209 1827 258 1862 seu
276 1811 365 1863 errori
380 1811 491 1876 veniam
509 1815 636 1876 peterent
648 1810 752 1876 suppli-

15 1881 73 1932 orsi
85 1896 102 1931 a
111 1880 253 1932 beneficiis
265 1882 295 1932 in
306 1880 440 1947 populum
449 1879 614 1942 Romanum,
626 1887 654 1932 et
666 1895 752 1947 prope

15 1953 143 2003 obrantes
155 1952 286 2002 virtutem
298 1966 375 2002 suam
387 1951 416 2000 in
427 1947 551 2016 Philippi
560 1950 650 2014 bello,
672 1957 700 2003 et
712 1950 752 2002 of-

15 2026 93 2072 erunt
112 2036 193 2073 aures
209 2021 360 2073 insolentia
375 2021 524 2084 sermonis3
545 2026 573 2072 et
586 2036 634 2083 eo,
656 2026 752 2072 vetera

15 2091 140 2146 ›literato
153 2091 319 2157 repetendo,
341 2105 399 2142 rem
416 2090 603 2155 adduxerunt,
624 2096 656 2141 ut
678 2089 752 2140 haud

15 2161 39 2212 lo
51 2161 171 2227 plurium
184 2161 382 2212 maleficiorum
395 2163 493 2226 gentis,
510 2177 592 2227 quam
603 2159 751 2212 beneficio·

23 2232 161 2283 memoria
172 2232 280 2282 subiret
293 2230 529 2292 animosPatrum,
541 2237 577 2292 ot,
590 2229 689 2294 quibus
702 2227 751 2277 mi-

15 2300 96 2353 ordia
107 2316 177 2366 opus
190 2306 264 2363 erat,
283 2301 354 2351 iram
372 2306 400 2351 et
413 2301 507 2351 odium
518 2300 672 2350 irritarent.
709 2298 751 2348 ln-

15 2371 79 2439 ·geti
91 2372 125 2422 ab
138 2387 191 2422 uno
204 2377 348 2432 senatore,
362 2371 591 2437 permitterentne
604 2366 754 2419 arbitrium

20 2439 275 2508 populoltomano?
297 2440 400 2494 deindo
418 2442 453 2495 ali
471 2441 585 2498 altero,
600 2434 776 2487 neutrumne

15 2527 44 2569 'so
56 2512 424 2580 quorpopulmrromanus‚
432 2513 523 2568 socios
535 2518 565 2562 et
574 2494 795 2558 insectentur,

15 2577 46 2627 sd
61 2593 95 2630 ea
109 2585 348 2656 respondentes,
371 2586 485 2661 egredi
502 2571 795 2648 tcmpxoxuss'xffi

527 2653 594 2707 Γ).
