1838 2954
68 291 102 346 n
207 295 241 346 r.
261 291 369 346 mvn
389 289 543 360 [nean.
561 290 719 360 A.C.200·]

67 418 126 466 rex,
143 418 212 470 quae
222 402 318 465 vellet,
331 415 426 454 coram
438 404 550 467 ogereti
572 397 671 450 deinde
688 414 723 450 ex
734 399 768 464 dig

68 472 159 538 magis
179 471 282 534 risum,
302 471 423 523 scrihere
444 484 524 532 eum,
546 467 581 520 dc
602 468 700 534 quibus
720 470 768 521 vid

68 556 151 608 quam
163 545 337 606 praesentem
349 543 398 592 aut
408 536 563 591 referendis
574 538 633 589 suis
644 538 768 591 incivital

68 609 176 661 neficiis
197 609 374 672 erubescere,
396 613 445 660 aut
465 606 717 674 significationibus
738 624 768 661 ao

68 678 244 745 tinnitusque
255 677 453 739 multitudinis,
464 676 654 729 assentatione
664 677 768 730 immod

69 748 165 800 dorem
176 748 327 800 onerantis.
361 749 393 798 ln
403 747 494 799 literis
509 751 612 808 autem,
634 760 705 813 quae
726 748 767 800 mi

71 817 232 869 concionem
251 813 441 884 recitataeque
461 820 542 878 sunt,
564 819 768 869 commemorati

67 885 265 938 beneficiorum
270 887 390 953 primum
400 888 429 938 in
440 885 580 937 civitatem
592 885 710 949 sociam3
723 887 767 937 dei

68 969 140 1018 rrum,
161 970 231 1023 quas
242 956 374 1008 adversus
384 954 543 1020 Philippum
588 954 701 1017 ssisset3
722 955 757 1006 ad

67 1039 144 1075 mum
155 1023 328 1077 adhortatio:
353 1022 551 1092 Capessendsm
578 1025 668 1086 ellum,
684 1024 744 1076 dum
761 1042 768 1076 s

66 1093 202 1156 Rhodios,
214 1103 272 1147 tum
282 1094 402 1163 quidem,
418 1094 480 1145 dum
492 1090 576 1145 etiam
587 1090 724 1162 Rornanas
735 1093 768 1147 he

68 1162 250 1233 Nequicquam
260 1172 367 1232 postea,
381 1162 405 1214 si
416 1171 473 1214 tum
485 1169 642 1223 cessassent,
651 1172 768 1229 praeter,

68 1233 235 1286 occasionem
245 1233 424 1302 quaesituros.
460 1230 563 1283 Rhodii
574 1230 675 1284 deinde
686 1232 768 1300 legati

68 1308 148 1355 sunt:
170 1318 286 1369 quorum
307 1318 403 1356 recem
425 1306 486 1355 erat
504 1301 685 1365 beneficium,
708 1317 768 1368 quos

66 1370 166 1439 longas
188 1379 320 1438 quattuor
329 1371 547 1432 Atheniensium,
568 1375 666 1436 captas
688 1386 768 1438 nuper

69 1440 219 1492 cedouibus
236 1447 487 1507 recuperatasque,
506 1440 682 1492 remiserant.
719 1443 768 1491 lta:

68 1511 147 1576 genti
159 1523 294 1561 consensu
304 1511 409 1561 bellum
415 1510 547 1560 adversus
553 1509 712 1576 Philippum
724 1511 768 1563 des

68 1579 199 1631 Honores
214 1580 276 1647 regi
294 1580 413 1646 primum
432 1578 528 1632 Attalo
550 1579 704 1642 immodici,
725 1580 768 1632 dei

68 1646 185 1700 Rhodiis
207 1644 308 1700 habiti:
329 1655 389 1700 tum
408 1648 527 1715 primurn
539 1651 643 1700 mentio
653 1650 735 1701 illata
747 1651 768 1700 d

69 1733 152 1785 quam
162 1717 290 1770 Attalida
305 1717 489 1784 appellarent,
508 1717 545 1769 ad
560 1718 656 1770 decem
666 1724 768 1771 veteres

69 1786 210 1840 addenda:
227 1793 255 1841 et
264 1788 436 1840 Rhodiorum
447 1787 568 1855 populus
580 1803 683 1840 corona
694 1804 769 1841 aures

68 1856 107 1907 tis
119 1857 210 1924 gratia
222 1858 355 1920 donatus,
367 1858 520 1924 civitasque
531 1857 648 1908 Rhodiis
661 1858 736 1921 data,
748 1874 768 1925 qi

68 1925 184 1976 modum
203 1924 303 1977 Rhodii
322 1927 399 1993 prius
415 1926 630 1980 Atheniensibus
649 1927 768 1980 dederan

69 1993 190 2044 cundum
200 1991 268 2046 haec
279 2011 329 2048 rex
339 1996 451 2047 Attalus
461 1997 596 2064 Aeginam
613 1991 650 2048 ad
665 1998 768 2050 classen

71 2062 152 2130 cepit.
176 2061 280 2115 Rhodii
290 2065 368 2117 Ciam
380 2065 414 2116 ab
426 2066 541 2132 Aegina,
552 2064 617 2118 inde
626 2080 676 2132 per
686 2067 768 2118 insula

69 2132 136 2185 dum
147 2133 324 2202 navigarunt:
342 2136 482 2198 omnibus,
493 2141 606 2201 praeter
617 2134 748 2200 Andrum,
763 2137 768 2188 l

69 2216 132 2268 que,
142 2207 171 2253 et
181 2203 328 2270 Cythnum,
350 2219 420 2271 quae
440 2205 587 2270 praesidiis
597 2204 768 2257 Macedonur

67 2272 218 2334 bantur,in
238 2274 403 2326 societatem
427 2275 558 2342 acceptis.
601 2275 726 2327 Attalum
746 2276 767 2325 A

68 2341 150 2392 missi
161 2341 192 2391 in
204 2344 343 2396 Aetoliam
362 2345 461 2407 nuntii,
482 2344 691 2411 exspectatique
702 2343 766 2396 inde

69 2410 240 2475 aliquamdiu
260 2413 331 2465 nihil
353 2420 482 2483 agentem
502 2420 631 2466 tenuere:
656 2418 685 2466 et
703 2430 768 2481 nequ

69 2479 162 2532 excire
172 2481 208 2531 ad
218 2497 296 2535 arma
306 2486 407 2551 potuit,
419 2483 574 2553 gaudentes
586 2490 727 2551 utcunque
741 2499 768 2535 ct

69 2556 100 2600 ta
112 2565 172 2600 cunr
186 2549 313 2620 Philippo
326 2571 402 2621 pace,
414 2555 510 2621 etipse
523 2553 686 2621 Rhodiique,
699 2569 768 2621 quun

70 2620 210 2672 stitissent
220 2628 285 2673 tunc
296 2623 432 2690 Philippo,
454 2625 599 2691 egregium
617 2626 753 2678 liberatae

71 2689 206 2744 Graeciae
218 2693 330 2744 titulum
350 2693 450 2747 habere
466 2695 638 2762 potuissent;
661 2695 768 2760 patiens

69 2773 116 2807 sus
127 2777 189 2812 eum
207 2764 234 2813 in
246 2766 457 2829 Hellespontum
474 2765 617 2825 traiicere,
640 2779 768 2830 oocupan*

54 2824 197 2884 saraciae
218 2842 380 2905 opportuna
403 2836 469 2889 loca
494 2836 570 2890 sires
592 2833 749 2901 colligere,
