1838 2954
13 48 243 130 bsuxlllllllll.
255 48 427 102 cse.2d.27.
440 46 485 117 [U.
492 47 660 106 C.565.A.C.
669 49 737 121 189]
745 52 797 109 tot

13 168 60 203 ras
80 159 113 204 ut
130 152 223 203 medio
233 157 330 204 monte
340 152 469 217 duceret,
489 154 559 205 duas
571 155 605 206 ab
616 154 753 208 lateribus
766 165 799 210 ut

13 222 127 274 lversus
138 236 243 272 cornua
252 221 398 274 Gallorum
412 225 544 290 erigeret.
580 224 711 276 Hostium
723 227 799 292 quod

13 291 102 342 »boris
114 295 184 351 erat,
202 292 352 360 Tectosagi
367 300 396 344 et
406 294 519 344 Trocmi
531 294 652 346 mediam
664 295 799 349 tenebant

13 363 95 423 ciem,
117 360 205 411 millia
226 359 368 413 hominum
391 363 604 431 quinquaginta:
631 365 798 432 equitatum,

13 431 56 481 ria
77 444 212 496 equorum
235 430 328 481 nullus
348 434 422 483 inter
443 432 606 500 inaequales
627 448 711 501 rupes
731 450 798 487 usus

13 504 62 561 ut,
75 499 112 549 ud
123 499 209 567 pedes
221 499 380 563 deductum,
393 500 486 552 decem
498 503 587 554 millio
597 501 747 570 hominum,
762 506 798 558 ab

13 574 93 622 :xtro
102 567 266 621 locaverunt
281 585 377 621 cornu.
413 570 568 621 Ariarathis
580 572 757 640 Cappadoces
769 580 800 627 et

15 640 84 691 orzi
108 638 259 690 auxiliares
278 640 308 689 in
331 640 410 691 laero
426 646 559 707 quattuor
574 640 663 694 sermo
678 644 799 696 millium

13 722 137 761 :merum
148 709 306 774 explebant.
323 709 435 772 consul,
446 711 518 762 sicut
528 711 557 763 in
565 711 685 780 Olympo
696 718 799 778 monte,

13 782 81 831 *insa
99 778 129 829 in
147 779 207 830 acie
224 778 318 839 locata
333 779 389 832 levi
401 786 557 844 armatura,
576 782 696 834 telorum
709 784 799 836 omnis

13 848 105 921 :neris
114 854 146 899 ut
156 862 244 916 aeque
254 850 407 917 magnatis
417 849 451 901 ad
464 865 574 901 manum
588 857 670 914 esset,
681 853 798 904 curarit.

13 920 40 971 hi
53 920 326 987 appropinquarunt,
348 920 441 971 omnia
451 919 546 971 eadem
559 920 707 986 utrimque,
728 936 799 988 quae

13 994 107 1041 ,erant
116 989 144 1039 in
157 990 252 1055 priore
262 989 385 1057 proelio,
404 993 485 1041 erant
502 993 615 1054 praeter
625 988 733 1041 animos
740 1025 749 1052 ,
770 995 801 1041 at

13 1057 148 1111 ctoribus
159 1059 194 1110 ab
208 1074 238 1110 re
250 1058 372 1110 secunda
382 1064 489 1120 auctos,
501 1064 530 1109 et
540 1055 669 1109 hostibus
681 1056 800 1111 fractos:

13 1129 66 1190 tia,
89 1124 144 1178 e'tst
156 1142 211 1180 non
222 1128 278 1195 ipsi
287 1129 353 1179 riuti
365 1132 457 1189 erant,
473 1142 540 1180 suae
551 1130 643 1196 geritis
653 1125 799 1181 hominum

13 1202 99 1257 adem
120 1215 170 1268 pro
187 1217 237 1252 sua
253 1200 400 1252 ducebant.
435 1198 535 1267 ltaque
553 1212 570 1248 a
584 1198 697 1263 paribus
711 1198 800 1249 initiis

15 1278 90 1341 epta
108 1284 153 1322 res
171 1271 290 1323 eundem
303 1271 408 1321 exitum
421 1266 528 1320 habuit.
563 1267 650 1322 Velut
659 1268 747 1323 nuhes
757 1268 797 1322 le·

13 1358 63 1396 um
83 1339 206 1392 telorum
224 1342 350 1392 coniecta
362 1339 455 1392 obruit
467 1341 553 1391 acicm
564 1338 724 1391 Gallorum:
744 1353 798 1391 nee

18 1421 34 1466 t
47 1424 216 1480 procurrere
226 1412 370 1478 quisquam
383 1410 417 1461 ab
429 1408 574 1460 ordinibus
585 1409 650 1472 suis,
666 1423 703 1459 ne
713 1406 799 1458 nuda·

21 1489 53 1534 rt
66 1480 189 1549 undique
201 1495 301 1547 corpus
313 1479 347 1531 ad
359 1479 444 1541 ictus,
467 1477 622 1529 audebant:
645 1482 673 1529 et
683 1482 800 1540 stantes,

26 1568 44 1605 o
58 1550 203 1601 densiores
215 1554 303 1611 erant,
321 1548 374 1601 hoc
386 1550 476 1615 plura,
487 1544 564 1599 velut
575 1546 742 1599 destinatum
754 1559 801 1613 pe-

31 1622 133 1681 tibus,
153 1619 271 1671 vulnera
282 1620 463 1686 accipiebant.
500 1615 620 1680 Consul,
641 1616 698 1669 iam
709 1628 800 1682 perse

38 1691 115 1742 batis
126 1691 149 1740 si
160 1689 299 1757 legionum
315 1693 397 1757 signa
408 1686 590 1749 ostendisset,
611 1699 742 1737 versuros
754 1697 801 1735 ex·

40 1761 98 1827 :plo
109 1760 136 1809 in
149 1759 242 1827 fugam
256 1775 352 1811 omnes
363 1765 454 1821 ratus,
471 1757 592 1824 receptis
602 1756 677 1807 inter
688 1754 801 1807 ordines

46 1830 124 1882 tibus
137 1835 165 1881 et
175 1830 231 1880 alia
241 1831 322 1881 turba
333 1830 512 1889 auxiliorum,
522 1827 608 1878 aciem
620 1826 766 1892 promovit.

48 1898 162 1952 xxvu.
178 1899 262 1962 Galli,
277 1906 305 1952 et
316 1898 453 1951 memoria
463 1896 701 1947 Tolistoboiorunr
714 1894 803 1947 cladis

54 1970 99 2030 iti,
120 1975 148 2020 et
159 1966 334 2022 inhaerentia
346 1967 509 2036 corporibus
523 1971 654 2032 gerentes
666 1965 733 2027 talo,
749 1963 802 2016 fes-

60 2055 75 2090 e
87 2044 115 2090 et
125 2040 223 2090 stando
237 2047 265 2091 et
275 2039 487 2098 vulneribusne
499 2037 616 2102 primum
628 2034 739 2102 quidem
753 2034 803 2083 iur-

64 2124 91 2159 m
103 2115 132 2160 et
143 2109 293 2160 clamorem
307 2111 493 2160 Romanorum
505 2105 638 2156 tulerunt.
676 2102 756 2171 Fuga
766 2100 802 2151 ud

68 2195 91 2230 a
110 2178 269 2242 inclinarit3
290 2178 340 2231 sed
357 2177 439 2245 pauci
453 2175 530 2225 intra
544 2175 717 2224 munimenta
738 2184 801 2221 sese

73 2263 141 2300 rere:
162 2264 228 2316 pars
238 2250 338 2311 nraior,
357 2248 457 2298 dextra
466 2244 599 2309 laevaque
609 2237 737 2307 praelati,
748 2251 803 2303 qua

83 2334 134 2386 que
145 2320 265 2385 impetus
276 2319 356 2379 tulit,
369 2314 511 2383 fugerunt.
546 2310 691 2368 Victores,
712 2320 801 2373 usque

82 2395 137 2439 stra
146 2390 245 2451 secuti,
265 2386 424 2440 ceciderunt
434 2389 528 2451 terga:
550 2375 651 2431 deinde
662 2377 690 2427 in
701 2375 802 2428 castris

86 2459 151 2510 'tate
169 2457 291 2525 praedae
301 2457 472 2519 haeserunt,
488 2446 733 2513 neeseqnebaam
743 2441 827 2515 apha-

120 2529 153 2578 ln
169 2530 302 2583 cornibus
315 2528 395 2584 Galli
405 2527 521 2581 diutius
532 2515 708 2573 steterunt,
719 2502 879 2602 aqut-223

103 2612 154 2650 eos
164 2608 341 2665 perventum
352 2607 414 2659 est.
443 2600 597 2654 Getarum
603 2574 842 2649 uwmm*

101 2680 125 2719 ν.
142 2670 221 2727 Ten.
234 2671 305 2735 lv..
594 2656 660 2711 Ψ·

710 2866 906 2941 ‚s
