1844 2962
93 108 172 161 Lis.
187 105 309 159 xxxo.
321 108 394 159 Car.
404 106 468 160 2-5.
480 108 627 176 [U.C.553.
638 112 783 183 A.C.199.]
818 116 852 168 5⁷

45 188 854 282 m

45 300 88 353 qne
102 281 272 335 Thaumaci
287 297 305 333 a
315 280 394 349 Pylis
404 282 521 350 sinuque
532 285 654 339 Maliaco
668 304 717 353 per
726 288 856 341 Lamiam

45 354 115 409 nuti
126 354 198 407 loco
212 350 274 403 alto
286 350 336 401 siti
346 358 419 413 sunt,
438 354 507 419 ipsis
526 355 653 408 faucibus
667 359 855 421 imminentes,

45 439 104 492 {aaa
116 424 216 477 coela
225 427 331 473 vocant
341 420 518 476 Thessaliae:
533 440 604 491 quae
618 430 776 479 transeunti
790 444 855 480 con·

45 494 155 563 ingosa
165 493 236 545 loca
246 490 461 558 implicataeque
472 494 589 546 flexibus
600 496 716 547 vallium
727 500 796 562 rias,
807 501 855 551 ubi

44 572 152 617 rentum
165 562 206 617 ad
218 560 293 613 hanc
313 561 410 613 urbem
421 569 472 623 est,
487 571 609 628 repente,
624 566 701 617 velut
712 569 798 618 moris
810 584 856 620 va·

44 634 81 699 si,
91 634 138 687 sic
148 634 296 685 immensa
305 630 579 697 panditurplanities,
590 638 620 684 ut
629 636 770 688 subiectos
781 653 855 688 cani-

44 716 85 769 pos
95 704 263 757 terminare
284 700 372 753 oculis
384 700 459 752 baud
474 701 559 755 facile
578 719 672 771 queas.
707 707 749 757 Ab
761 723 794 759 eo
805 709 855 760 mi·

45 774 132 827 amlo
145 770 313 825 Thaumaci
335 771 478 837 appellati.
514 772 573 825 Nec
593 774 743 828 altitudine
762 778 854 828 solum

46 850 97 897 tuta
107 844 192 903 urbs,
216 839 269 893 sed
280 840 363 907 quod,
384 856 453 893 srsxo
471 842 592 910 undique
604 844 723 907 absciso,
738 847 855 912 rupibus

47 912 172 981 inposita
183 917 241 963 est.
279 912 343 963 liae
353 910 546 973 difficultates,
566 915 683 979 etquod
701 915 774 966 haud
785 920 855 969 satis

49 982 152 1053 lignum
168 981 247 1033 tanti
257 979 365 1031 laboris
376 980 673 1048 periculiquepretium
686 991 756 1046 erat,
766 992 798 1035 ut
810 987 856 1036 ab·

49 1052 153 1107 isteret
164 1056 284 1117 incepto
290 1048 446 1115 Philippus,
459 1050 618 1103 effecerunt.
637 1054 736 1103 llierns
747 1069 856 1120 quoque

50 1118 91 1177 ism
101 1122 249 1183 instabat,
261 1134 345 1186 quum
356 1120 421 1172 inde
432 1121 578 1182 abscessit,
588 1130 617 1171 et
627 1122 656 1171 iu
662 1122 856 1174 Macedoniam

49 1188 312 1255 hhiberuaeopias
320 1188 441 1241 reduxit.

92 1260 130 1315 V.
145 1262 193 1315 lbi
207 1259 296 1311 ceteri
307 1258 427 1325 quidem,
448 1257 517 1310 data
537 1258 742 1327 quanticunque
765 1263 858 1329 quiete

52 1327 287 1399 temporisqsimol
297 1329 406 1380 aninios
414 1343 586 1395 corporaque
596 1334 774 1384 remiserant.
794 1333 859 1385 Phi·

51 1398 163 1469 lippum,
174 1405 312 1467 quantum
323 1399 358 1450 ab
374 1398 495 1449 assiduis
505 1396 646 1453 laboribus
668 1402 798 1454 itinerum
811 1419 858 1468 pu·

52 1484 221 1539 gnarumque
232 1470 378 1521 laxaverat
389 1475 571 1531 annus‚tanto
582 1472 670 1539 arogis
682 1474 817 1523 intentum
831 1474 858 1523 in

52 1543 207 1595 universum
227 1544 357 1591 eventum
370 1539 533 1591 bellicosae
554 1548 675 1606 angunt,
696 1556 752 1591 non
764 1539 859 1593 hostes

53 1611 126 1663 nodo
139 1612 302 1669 timentem,
326 1610 375 1674 qui
394 1615 470 1659 terra
485 1609 611 1674 marique
633 1611 788 1675 urgebant3
810 1610 859 1661 sed

53 1695 115 1732 nono
126 1681 282 1740 sociorum,
294 1680 454 1729 riorscetiom
467 1679 644 1744 popularium
655 1680 773 1740 aerioma,
786 1695 819 1731 nc
832 1689 860 1732 et

53 1750 87 1802 illi
108 1752 147 1803 ad
171 1764 252 1816 spem
273 1748 414 1799 amicitiae
437 1749 624 1798 ituraeam-um
647 1749 810 1811 deficerent,
831 1759 860 1803 et

54 1818 221 1873 llacedonas
231 1820 308 1884 ipsos
319 1818 418 1883 cupido
431 1817 551 1867 rruvandi
563 1833 607 1868 res
620 1827 739 1884 caperet.
764 1821 860 1887 ltaque

54 1900 74 1940 ct
85 1892 113 1941 io
127 1889 266 1941 Achaiam
287 1888 398 1955 legatos
410 1888 493 1948 misit,
508 1888 592 1937 sinrul
609 1891 655 1953 qui
665 1890 858 1941 iusiurandum

53 1960 99 2013 (ita
111 1961 186 2013 enim
203 1961 387 2026 pepigerant,
407 1957 558 2023 quotannis
578 1958 717 2009 iuraturos
734 1960 764 2009 in
777 1962 862 2010 verba

54 2028 191 2097 Philippi)
213 2030 371 2096 exigerent:
400 2027 485 2078 sirnul
506 2026 552 2092 qui
573 2027 722 2080 redderent
743 2027 861 2080 Achaeis

56 2100 258 2161 Orchomenon,
270 2106 299 2150 et
310 2098 459 2157 Heraeam,
471 2104 499 2148 et
511 2096 701 2163 'l'1·iphyliani;
718 2099 795 2149 aleis
808 2101 863 2151 Ali-

56 2170 174 2235 pheram,
187 2168 431 2229 contendentibus,
443 2181 580 2232 nunquam
593 2184 653 2218 eam
666 2169 761 2219 urbem
774 2169 862 2219 fuisse

57 2256 83 2291 cx
95 2239 258 2307 Triphylia,
267 2238 317 2290 sed
327 2238 383 2287 sibi
396 2238 498 2288 dehere
509 2237 633 2299 restitui,
646 2239 713 2303 qum
723 2254 777 2289 una
787 2249 863 2288 esset

58 2325 85 2362 ex
94 2313 141 2373 iis,
152 2326 227 2377 quac
237 2309 273 2360 ad
287 2308 460 2359 condendam
472 2306 674 2374 Megalopolim
688 2324 722 2359 ex
741 2308 862 2357 coneilio

57 2381 191 2434 Arcadum
203 2379 383 2431 contributae
400 2377 501 2429 forent.
537 2378 646 2428 Etcum
669 2376 785 2429 Achaeis
807 2376 864 2440 qui-

59 2448 114 2501 dem
138 2466 190 2518 per
210 2448 280 2501 haec
301 2449 465 2499 societatem
492 2446 631 2498 firmabat.
679 2445 864 2497 Macedonum

60 2521 162 2571 anirnos
174 2520 232 2571 sibi
243 2518 412 2569 conciliarit.
450 2517 540 2578 Quum
553 2516 732 2567 Heraclidem
745 2514 864 2564 anticum

59 2592 193 2642 niaximae
203 2589 327 2640 invidiae
338 2587 394 2638 sibi
412 2603 472 2639 esse
483 2593 617 2647 cerneret,
633 2586 729 2634 inultis
745 2584 865 2637 crimini-

61 2652 875 2727 busoneratomiovinculaconiecit,ingentipopular'mm
