1844 2962
33 41 138 73 Min.
151 40 225 73 usi’.
235 40 333 75 ‘in-41.
346 39 493 90 [0.u.o.72.
502 38 647 91 ammom]
667 38 703 77 W

30 127 224 190 testudinibus,
235 134 264 180 et
275 130 377 193 vineis,
390 134 420 181 et
430 129 519 182 ariete
530 130 704 183 ailinorendo

30 198 86 265 egli
94 196 229 259 ballistis,
240 199 453 265 catapultisque,
464 200 560 251 etalio
573 201 648 252 omni
659 214 705 267 ge·

30 272 182 319 uentorum
193 266 252 317 tela
263 268 429 334 ingerentes,
440 273 468 318 ct
478 269 600 335 pondere
612 271 704 337 ingen·

46 336 203 389 Faciebant
215 342 243 388 et
255 338 411 399 cuniculos,
437 344 466 389 et
476 338 607 407 quiequid
624 339 701 390 aliud

30 406 215 475 ›pugnatione
230 414 374 472 expertum
385 405 537 473 profuerat.
573 408 703 459 Ceterum

30 493 58 529 es
70 475 367 537 tantumitiacedones,
380 491 460 543 quam
471 485 545 537 ante,
554 479 704 529 tuebantur

31 559 157 612 cesque,
178 544 227 596 sed
245 546 330 597 etiam
346 548 580 612 praesentioribus
596 546 703 609 animis,

30 614 182 681 ;ationibus
194 615 269 680 regis
278 615 308 664 iu
319 616 440 666 admissa
452 616 546 681 culpa,
561 616 643 666 simul
654 617 704 666 mi·

30 683 113 736 simul
125 684 339 749 promissionum
359 685 389 734 iu
411 683 535 736 futurum
558 700 703 737 memores.

30 768 103 821 ,uum
120 760 232 819 praeter
254 768 331 819 spem
347 759 456 819 tempus
477 754 516 806 ibi
536 752 703 817 traheretur,

30 842 55 874 :n
70 821 213 873 obsidione
234 830 262 872 et
282 823 310 871 in
321 823 458 888 operibus,
480 838 561 890 quam
580 824 609 874 in
620 837 705 891 oppu-

46 892 136 943 celeri
148 892 207 957 spei
218 898 305 953 esset3
317 891 427 942 interim
440 897 467 942 et
479 890 555 941 aliud
567 893 612 958 agi
623 907 705 960 posse

31 970 108 1023 ¹atus,
119 960 234 1023 relictis,
242 966 310 1027 quot
321 959 562 1011 satisridebantur
573 961 608 1011 ad
620 976 706 1027 opera

32 1032 82 1093 dn,
91 1029 239 1093 militibus,
259 1029 368 1080 traiicit
380 1030 409 1078 in
422 1030 550 1094 proxima
566 1030 707 1081 continen-

31 1104 174 1165 isssmque
194 1104 266 1167 (non
287 1099 368 1149 illam
385 1096 572 1149 in'l'hessaiia
583 1098 704 1151 nobilem

31 1168 68 1223 ed
80 1168 212 1229 aiteram,
223 1183 305 1235 qoam
316 1169 475 1219 Cremasten
486 1172 598 1230 vocant)
613 1170 706 1221 subito

43 1243 159 1307 praetor
168 1252 267 1299 arcem,
278 1236 361 1303 cepit.
398 1238 507 1290 Attalus
527 1254 636 1305 quoquc
656 1242 706 1291 Ac·

37 1307 111 1361 nihii
122 1308 212 1357 minus
223 1322 304 1389 quam
316 1307 374 1359 tale
386 1308 532 1375 quicquam
548 1309 578 1358 in
589 1309 706 1361 alterius

32 1381 114 1431 tione
124 1378 202 1430 urbis
213 1378 384 1438 timentibus,
406 1378 554 1443 oppressit.
590 1380 628 1429 Et
649 1378 707 1428 iam

31 1464 86 1502 iera
96 1449 124 1497 in
137 1447 236 1499 effectu
250 1451 331 1497 erant
340 1447 415 1498 circa
424 1448 536 1508 Orcum,
556 1452 614 1496 tum
627 1461 706 1511 prae·

31 1518 101 1585 prod
113 1518 189 1567 intus
201 1524 272 1579 erat,
293 1517 390 1567 labore
402 1515 531 1577 assiduo,
551 1515 654 1581 vigiliis
668 1514 707 1565 di·

31 1588 97 1639 riter
108 1585 318 1654 nocturnisque,
330 1593 358 1637 et
369 1585 529 1635 vulneribus
542 1584 705 1636 confectum.

31 1673 100 1723 oque
112 1671 186 1721 pars,
193 1656 281 1706 ariete
293 1655 403 1705 incusso
414 1655 640 1716 subruta,multis
651 1657 705 1706 iam

31 1724 159 1777 ,eideratt
183 1740 284 1791 perqrm
305 1730 430 1789 apertum
452 1726 534 1775 ruina
554 1725 609 1776 iter
626 1735 707 1777 nocte

33 1797 62 1845 in
75 1810 185 1855 arcem,
205 1809 275 1859 quac
286 1809 367 1859 super
379 1800 489 1859 portum
503 1801 560 1855 cst,
579 1810 708 1861 perrupe-

31 1865 126 1915 .ttaius
137 1864 198 1914 luce
210 1864 308 1928 prima,
318 1864 397 1930 signo
410 1879 444 1913 ex
456 1879 520 1915 arce
533 1864 598 1915 dato
611 1865 645 1915 ab
657 1866 710 1917 Ro·

32 1942 48 1984 rt
68 1937 128 1999 ipse.
137 1934 232 1983 urbem
245 1933 355 1994 invasit,
367 1935 461 1982 stratis
474 1948 574 1999 magna
585 1950 618 1986 ex
631 1942 709 2002 parte

32 2003 201 2070 praesidium
225 2002 410 2068 oppidanique
431 2002 458 2051 in
479 2003 595 2054 alteram
616 2018 709 2055 arcem

33 2090 64 2135 ·e.,
76 2072 149 2123 unde
159 2071 243 2121 biduo
256 2078 317 2137 post
328 2070 433 2121 deditio
443 2071 527 2125 iacta.
558 2074 628 2124 Urbs
639 2073 709 2139 regi,

32 2158 150 2209 corpora
162 2140 291 2189 Romanis
309 2155 425 2191 cessere.

32 2212 71 2263 ἸΙ.
91 2213 147 2261 iam
166 2209 340 2260 auctumriale
353 2210 559 2276 aequinoctium
570 2211 710 2261 instabat:

32 2298 78 2332 uus
92 2281 239 2339 Euboicus,
252 2295 331 2344 quem
344 2279 429 2330 Coela
439 2286 554 2339 vocant,
565 2284 711 2342 suspectus

46 2352 155 2416 ltaque,
175 2355 239 2400 ente
261 2348 393 2399 hiemales
404 2356 497 2400 motus
514 2346 634 2399 madere
647 2344 721 2397 iube

32 2438 60 2484 es,
71 2420 221 2479 Piraeeum,
240 2418 312 2471 ande
325 2419 451 2488 profecti
464 2420 502 2474 ad
511 2420 629 2474 bciium
639 2424 743 2482 crant,

32 2498 39 2538 ’·,
66 2489 209 2552 Apustius,
224 2490 344 2558 triginta
359 2497 488 2551 naribus
499 2494 547 2549 ibi
559 2492 697 2555 reiiciis,
706 2505 757 2541 su·

32 2570 72 2669 epp
83 2556 199 2675 nappin
211 2562 388 2635 Corcyram.
428 2570 556 2642 Regem
574 2559 776 2619 statuminis·

62 2637 108 2673 oss.
159 2659 167 2674 .
501 2643 536 2697 D
