1838 2954
23 49 710 122 (xxvlmrntztt.[u.c.562.n.c.190.]³te

23 157 92 204 atos
109 155 261 206 coniecere.
300 155 340 208 Ne
355 156 515 222 interpositi
534 156 641 223 quidem
654 157 710 211 elc-

23 221 135 274 militem
142 223 296 275 Romanum
304 225 489 288 deterrebant,
500 233 641 277 assuetum
652 226 712 280 iam

23 290 61 342 cis
81 291 164 342 bellis
185 298 213 343 et
229 294 319 345 vitare
335 295 468 360 impetum
486 296 610 359 belluae,
632 303 713 349 etex

23 375 69 410 rso
82 368 130 411 aut
140 362 206 427 pilis
217 362 363 424 incessere,
376 370 436 425 aut,
458 367 480 412 si
493 368 606 431 propius
617 367 712 418 subire

25 429 121 496 gladio
135 445 233 482 nervos
245 432 376 484 incidere.
397 434 453 483 lam
466 434 556 484 media
567 436 641 486 acies
651 434 712 486 sere

23 498 133 549 rfrorrte
144 506 286 565 prostrata
297 508 370 563 erat,
389 509 417 552 ct
427 502 553 554 subsidia
565 504 713 556 circumito

31 568 230 620 caedebantur:
254 585 336 636 quum
347 571 376 621 in
387 577 465 638 parte
478 571 535 621 alio
545 571 639 640 sugam
651 588 715 624 euo-

23 643 34 688 t
49 651 135 704 prope
150 639 207 689 iam
224 638 259 689 ad
276 640 339 704 ipsa
351 647 441 690 castro
454 640 604 692 clamorem
614 657 714 709 paven-

23 722 129 772 cepere.
165 708 291 774 Namque
301 707 451 760 Antiochus
473 725 491 760 a
506 709 606 762 dextro
619 726 714 774 cornu,

23 776 56 826 ‚bi
75 776 175 828 fiducia
195 776 316 828 fluminis
336 778 413 829 nulla
432 779 557 830 subsidia
580 789 715 842 cerneret,

30 852 162 912 quattuor
174 852 278 896 turmas
291 849 422 913 equitum,
439 853 467 898 ct
479 864 535 911 ean,
553 848 616 899 dum
627 849 716 915 appli-

24 916 92 977 suis,
101 916 190 982 ripam
202 916 485 982 nudantes,in1petum
494 917 523 966 in
535 924 716 982 campartem

23 984 110 1035 mitiis
132 991 161 1038 et
183 984 362 1053 cataphracto
384 986 509 1051 equitatu
529 984 608 1036 fecit:
631 1000 682 1036 nee
697 1001 716 1037 a

24 1059 133 1105 tantum
153 1055 290 1119 instabat,
311 1054 374 1117 sed,
397 1053 544 1104 circumito
566 1069 584 1106 o
602 1053 716 1106 flumine

31 1124 88 1175 iam
107 1124 141 1176 ob
152 1125 240 1176 latere
251 1125 383 1190 urgebat3
406 1123 493 1176 donec
503 1122 595 1191 fugati
607 1123 716 1191 equites

23 1209 37 1255 ι,
47 1193 146 1244 deinde
158 1196 278 1259 proximi
291 1194 417 1261 peditum
428 1193 517 1246 effuso
530 1209 611 1245 cursu
625 1192 661 1246 ad
673 1207 717 1244 ca-

23 1262 202 1328 npulsisunt.

23 1331 61 1383 [11.
82 1331 215 1384 Praeerat
226 1334 325 1385 castris
336 1333 376 1386 M.
386 1333 520 1386 Aemilius
531 1331 656 1387 tribunus
667 1332 717 1382 mi·

23 1401 56 1452 ii.
67 1401 168 1467 Lepidi
178 1403 260 1465 filius,
281 1403 328 1469 qui
338 1409 402 1470 post
414 1419 518 1469 paucos
529 1419 614 1453 annos
625 1402 717 1467 ponti·

23 1471 107 1521 rimus
118 1471 209 1521 factus
220 1478 270 1522 est.
296 1473 331 1534 is,
343 1488 396 1537 qua
407 1471 502 1538 fugam
514 1473 643 1522 cernebat
654 1484 717 1518 suo-

25 1556 71 1590 um
88 1542 231 1605 praesidio
244 1541 318 1591 omni
333 1542 469 1604 occurrit;
491 1546 518 1590 et
532 1546 606 1590 stare
618 1538 718 1604 primo,

24 1610 116 1662 redire
125 1609 155 1660 in
166 1611 422 1677 pugnanr‚iubebat‚
431 1625 560 1678 pavorem
572 1613 600 1659 et
610 1615 720 1672 turpem

23 1680 176 1745 increpans.
213 1680 308 1731 Minae
320 1680 420 1731 exinde
432 1684 518 1740 erant,
529 1679 557 1728 in
568 1676 720 1744 perniciem

23 1765 104 1800 accos
116 1765 206 1812 ruere,
222 1751 250 1799 ni
262 1751 337 1800 dicto
348 1754 487 1815 parerent.
516 1748 659 1799 Postremo
669 1746 721 1797 dat

35 1820 106 1881 suis,
125 1825 156 1870 ut
166 1821 270 1885 primos
282 1820 446 1886 fugientium
461 1817 591 1878 caedant,
609 1818 721 1868 turbam

23 1889 119 1939 entium
138 1888 213 1940 ferro
226 1895 254 1940 ct
265 1889 425 1941 vulneribus
437 1889 464 1938 in
475 1887 570 1938 hostes
581 1885 720 1953 redigant.

23 1957 73 2008 dor
83 1959 168 2009 timor
179 1960 312 2010 minorem
324 1958 399 2009 vicit.
415 1957 536 2023 Ancipiti
544 1956 632 2008 coacti
644 1960 721 2007 metu

25 2029 224 2092 constiterunt3
247 2029 348 2080 deinde
364 2033 392 2077 et
408 2027 461 2092 ipsi
479 2027 621 2079 redierunt
633 2025 661 2076 in
673 2040 721 2090 pu·

35 2104 64 2148 et
73 2098 207 2149 Aemilius
223 2114 284 2148 eum
303 2112 353 2147 suo
366 2097 504 2162 pracsidio
521 2100 617 2166 (erant
628 2102 722 2146 autem

23 2166 76 2217 ,ilia
87 2168 209 2219 virorum
221 2165 442 2230 fortium)effusc
454 2162 723 2234 sequentiregincri·

23 2237 89 2288 titit.
125 2239 163 2288 Et
173 2238 296 2298 Attalus,
317 2237 449 2289 Eumenis
465 2237 567 2298 frater,
589 2249 606 2284 a
622 2233 721 2282 dextro

25 2321 41 2357 a
53 2323 106 2374 quo
117 2307 228 2358 laevum
239 2306 360 2358 hostium
373 2306 463 2373 primo
476 2309 581 2373 impetu
591 2301 721 2368 fugatum

45 2383 77 2427 ut
99 2380 133 2429 ab
154 2377 268 2428 sinistro
289 2376 383 2443 fugam
399 2391 512 2427 suorum
529 2380 557 2425 ct
572 2369 722 2449 tumultum

23 2452 97 2497 ostra
108 2448 133 2496 ri
138 2446 187 2508 dit,
194 2449 222 2498 in
234 2453 360 2516 tempore
372 2463 436 2500 cum
446 2446 581 2498 ducentxs
590 2437 743 2503 enemim

22 2532 29 2562 ι
57 2514 223 2589 Antiochus,
244 2527 402 2589 postquam
415 2526 447 2572 ct
459 2509 767 2581 consumment-‚A

23 2581 117 2648 deret,
137 2594 311 2654 repetentes
325 2608 483 2666 pugnam,
501 2581 649 2641 etai'xam
659 2573 792 2623 etate·
