1838 2954
13 39 28 89 f
69 39 73 43 ,

10 188 28 232 t

34 102 42 115 '
84 118 504 176 namurcensem.
516 120 881 191 [ue.5e3.s.c.1s,.]tm

66 224 151 279 lenti
172 224 269 276 Metus
280 223 317 275 ad
328 239 425 276 oniaes
433 225 531 288 valuit,
543 241 578 277 ne
590 224 760 278 deditionem
772 241 880 279 recusa·

68 300 146 347 rent.
185 293 303 346 Obsides
315 293 380 346 inde
391 295 543 360 imperatos
554 310 604 361 pro
616 295 722 346 viribus
733 295 822 361 inopis
832 311 880 361 po·

10 402 12 408 ,
68 362 149 431 puli,
170 362 445 426 cicenosNesietae,
467 365 569 425 Cranii,
591 364 722 416 Palenses
734 371 762 416 et
772 365 882 417 Sauraei

68 433 223 487 dederunt.
257 432 404 499 Insperata
426 447 481 498 pax
503 433 699 500 Cephalleniac
723 434 880 498 allulscrat;

10 526 18 555 a
68 518 159 571 quum
170 508 284 571 repente
295 518 351 555 una
362 504 468 566 civitas,
474 504 612 555 incertum
624 519 705 571 quam
717 504 752 555 ob
760 518 880 567 causam,

10 603 15 626 t
68 572 188 625 Samaei
200 572 386 626 desciverunt.
423 574 496 637 Quia
515 583 671 639 opportuno
683 574 746 626 loco
757 574 823 625 urbs
834 588 882 641 po·

10 664 13 696 ε
68 644 229 705 sitacsset,
250 643 380 696 timuisse
398 659 429 696 se
439 642 568 705 aiebant,
589 658 623 694 ne
634 643 790 711 demigrare
801 658 882 712 coge·

10 734 16 766 ·.
68 717 173 765 rentur
191 712 225 764 ab
236 712 379 765 Romanis.
416 714 544 764 Ceterum
561 713 651 778 ipsine
660 713 715 765 sibi
725 728 788 765 eum
798 715 883 765 linxe-

10 802 18 836 ε
68 782 133 835 rint
143 788 257 845 metum,
276 784 498 835 ettimorevano
511 783 632 849 quictem
645 782 782 845 exuerint,
799 782 883 834 ania·

68 857 155 905 cteta
170 852 343 902 sermonibus
359 867 403 903 res
423 852 496 918 apud
507 852 648 903 Romanos
663 852 775 919 perlato
787 852 822 905 ad
833 866 882 903 eos

24 960 29 967 -
69 922 130 984 eit,
150 918 220 971 nihil
232 921 368 987 comperti
380 928 435 973 est:
456 922 511 973 uisi
522 922 611 989 qued,
630 921 703 973 datis
714 925 769 972 iam
780 921 883 975 obsidi-

10 1037 12 1043 .
69 990 137 1053 bus,
148 996 262 1058 repente
273 996 368 1057 portas
381 991 554 1054 clauserunt3
565 998 593 1042 et
604 1006 639 1042 ne
647 1004 760 1041 suorum
772 991 882 1056 quidem

10 1084 14 1113 ε
70 1058 207 1129 precibus
224 1060 354 1124 (miserat
366 1061 440 1111 enim
452 1062 503 1112 sub
516 1074 609 1110 muros
621 1058 717 1109 consul
727 1057 763 1109 ad
772 1066 882 1110 tentan-

72 1130 142 1183 dam
153 1129 377 1183 misericordiam
387 1137 533 1196 parentum
545 1127 793 1195 populariumque)
811 1126 883 1179 desi-

10 1219 13 1255 :
70 1206 152 1253 stero
164 1200 199 1253 ab
210 1200 321 1266 incepto
331 1199 490 1251 voluerunt.
515 1198 676 1266 oppugnari
688 1195 796 1258 deinde,
808 1203 883 1263 post-

10 1290 19 1327 ἰ
69 1284 159 1339 quam
175 1267 247 1321 nihil
262 1269 358 1337 pacati
374 1267 611 1335 respondebatur,
634 1272 735 1334 coepta
752 1266 818 1316 urbs
831 1273 882 1318 est.

68 1342 246 1409 Apparatum
275 1354 384 1392 onlnem
413 1344 612 1390 tormentorum
637 1334 883 1402 machinarumque

10 1434 13 1463 t
69 1414 264 1465 transvectum
285 1410 319 1460 ab
335 1408 498 1461 Ambraciae
520 1407 727 1474 oppugnatione
745 1405 882 1458 habebnt:

70 1487 102 1534 ct
115 1494 214 1546 opera,
236 1494 307 1546 quae
319 1477 448 1531 facienda
459 1483 552 1540 erant,
571 1477 690 1543 impigre
706 1476 811 1526 milites
823 1490 884 1541 per·

10 1580 13 1605 ;
69 1550 213 1603 fecerunt.
243 1548 360 1600 Duobus
370 1548 456 1616 igitur
467 1547 536 1600 locis
548 1547 655 1598 admoti
666 1545 768 1599 arietes
779 1545 883 1612 quatio·

67 1620 143 1673 bant
155 1634 257 1671 muros.

127 1688 230 1741 XXIX.
242 1687 301 1741 Nec
312 1689 346 1741 ab
359 1687 483 1742 Samaeis
496 1687 649 1754 quicquam,
661 1699 715 1753 quo
727 1690 776 1736 aut
788 1697 883 1749 opera,

10 1740 14 1819 ,Ᾰ
68 1764 125 1814 aut
136 1757 225 1811 hostis
236 1759 327 1810 arceri
337 1765 441 1825 posset,
458 1759 682 1827 praetermissum
695 1760 745 1807 est.
765 1752 883 1805 Duabus

68 1836 171 1883 tamen
191 1828 312 1880 maxime
331 1829 501 1880 resistebant
517 1828 612 1879 rebus:
633 1841 703 1888 una,
722 1824 883 1874 interiorem

69 1913 185 1964 semper
195 1899 276 1951 iuxta
286 1898 412 1950 validum
423 1913 474 1964 pro
487 1898 581 1948 diruto
593 1910 694 1946 nevum
706 1894 883 1946 obstruentes

69 1984 199 2032 murum3
219 1969 319 2031 altera,
341 1968 531 2035 eruptionibus
541 1964 656 2027 subitis,
673 1979 746 2014 nunc
756 1962 785 2014 in
797 1977 883 2029 opera

70 2038 209 2101 hostium,
220 2055 291 2091 nunc
301 2040 329 2091 in
340 2040 489 2091 stationes:
506 2043 534 2088 et
544 2034 709 2103 plerumque
721 2034 756 2085 iis
767 2032 883 2100 proeliis

10 2124 13 2131 ·
71 2108 235 2174 superiores
254 2115 341 2162 eraut.
379 2110 439 2159 Una
457 2106 494 2159 ad
506 2104 675 2158 coercendos
686 2104 798 2155 inventa
809 2100 882 2153 haud

70 2194 178 2246 inagna
190 2184 347 2230 memoratu
359 2192 403 2229 res
415 2182 467 2229 est.
493 2178 608 2228 Centum
619 2174 777 2226 funditores
788 2172 822 2223 ab
833 2172 883 2220 Ae·

70 2248 123 2318 gio
135 2256 164 2302 et
175 2247 266 2300 Patris
276 2254 304 2299 et
315 2247 416 2315 Dymis
427 2246 518 2297 acciti.
549 2245 676 2312 Apueris
685 2243 715 2308 ii,
727 2256 804 2294 more
816 2251 884 2318 quo-

71 2320 140 2371 elem
150 2317 252 2387 gentis,
267 2318 345 2369 saxis
356 2314 490 2382 globosis,
509 2315 608 2380 quibus
620 2313 708 2365 ferme
722 2323 821 2362 arenae
832 2321 883 2356 rm·

10 2425 14 2449 .
70 2390 173 2444 mixtis
185 2393 276 2439 strata
285 2387 373 2437 litora
384 2390 457 2447 sunt,
469 2382 556 2434 funda
567 2398 645 2435 mare
656 2385 783 2447 apertum
796 2377 883 2426 inces-

72 2464 184 2520 sentes,
207 2457 414 2510 exercebantur.
451 2454 549 2520 ltaque
564 2452 674 2517 longius
686 2447 844 2511 certiusque
855 2452 883 2495 et

10 2559 14 2589 ·,
70 2528 213 2580 calidiore
228 2530 301 2588 ictu,
322 2540 404 2592 quam
415 2523 539 2575 Baliaris
553 2521 703 2577 iunbitor,
720 2530 757 2566 eu
768 2513 835 2562 *celo
843 2513 900 2558 nex

64 2603 143 2650 stant.
155 2597 194 2646 Et
204 2602 249 2647 cst
256 2610 312 2647 non
324 2595 468 2665 simplicis
479 2595 626 2653 habenae,
633 2574 916 2680 κιὼκιῖνιέωἶὼὶζ

52 2667 321 2732 'mquegemtum
331 2664 442 2724 lunda:
468 2666 524 2725 seb
534 2662 660 2784 tripleg
667 2650 812 2782 {culpam
825 2649 883 2688 ὥ
