1838 2954
10 138 119 195 [XVII.
133 134 305 190 cn.10.1l.
316 137 613 209 [UC.562.A.C.190.]
632 140 683 195 315

10 264 18 299 i
28 246 144 308 dicerem
159 260 214 296 non
224 243 360 313 remigem,
370 261 423 296 noa
433 244 516 297 socios
526 248 635 297 riavales
648 247 685 297 ad

10 318 156 385 'respuentes
166 312 337 364 habiturum.-
348 314 537 366 subducturum
546 317 685 383 persimu·

11 383 158 455 reficiendi
168 384 296 451 quasdam
307 384 470 446 peronellae
481 385 508 437 in
516 386 685 453 propinquos

10 455 188 507 inlusurum.-
205 468 309 519 paucae
329 463 392 504 ante
408 465 520 520 portum
534 454 637 521 Ephesi
656 456 687 507 in

10 535 125 583 turum
143 538 219 589 puae,
233 522 341 574 eiexire
352 539 395 574 res
407 534 522 592 cogeret,
534 524 687 577 obiecturus

11 594 23 647 i
36 594 131 665 foret.
168 592 257 653 Quam
268 591 471 659 negligentiam
483 593 687 659 Polyxenidam

10 678 84 715 esua
98 660 261 713 habiturum
277 662 469 713 Pausistratus
485 663 604 726 audivit,
624 680 686 717 cam

10 732 98 799 amplo
119 728 226 783 habuit.
262 730 374 782 Partem
385 732 494 783 narium
506 733 541 784 ad
553 748 688 785 commea·

10 800 127 855 sscndos
138 800 383 864 Halicarnassum,
404 809 511 870 partem
524 802 635 855 Sannum
651 802 686 854 ad

14 872 78 924 isit:
101 875 134 920 ut
145 876 261 936 paratus
273 876 355 933 esset,
376 887 457 937 quum
469 874 578 938 signum
590 888 687 940 aggre-

19 940 171 1008 proditoro
186 940 348 1004 accepisset.
384 941 573 1005 Polyxenidas
585 956 687 1008 augere

11 1010 36 1063 lo
48 1024 190 1072 errorem3
213 1008 342 1060 subducit
357 1008 490 1074 quasdam
502 1024 598 1072 naves,
616 1012 687 1061 alias

11 1080 157 1133 »ducturus
169 1085 255 1140 esset,
274 1078 387 1129 navalia
398 1078 500 1128 reiicit:
522 1079 641 1142 remiges
653 1094 688 1128 ex

16 1164 74 1201 non
84 1147 226 1215 Ephesiun
245 1147 379 1208 arcessit,
398 1146 448 1197 sed
459 1146 633 1213 Magnesiam
645 1161 689 1197 oc·

22 1221 55 1272 it.

11 1238 91 1341 l'orto
100 1287 213 1355 quidam
225 1285 353 1338 Antiochi
369 1286 463 1349 miles,
482 1300 563 1352 quum
576 1283 688 1336 Samum

11 1368 69 1411 itae
89 1373 175 1409 causa
186 1358 321 1420 venisset,
343 1372 393 1423 pro
406 1357 582 1422 speculatore
594 1356 689 1422 depre-

11 1429 146 1481 educitur
157 1427 324 1478 Panormum
335 1427 370 1476 ad
383 1427 563 1492 praelectum.
592 1426 618 1475 ls
629 1440 690 1490 per-

11 1501 37 1561 ti,
53 1498 120 1563 quid
131 1494 235 1561 Ephesi
246 1504 384 1563 ageretur,
403 1499 537 1547 incertum
548 1500 634 1554 metu,
655 1508 690 1544 on

14 1586 27 1619 s
38 1566 115 1623 haud
126 1566 235 1616 sincera
246 1568 314 1630 fide,
337 1569 431 1618 omnia
447 1566 550 1631 aperit:
574 1565 690 1614 classem

11 1654 48 1689 im
70 1642 251 1701 paratamque
270 1638 298 1686 in
321 1644 402 1701 portu
424 1643 512 1687 stare:
543 1633 690 1701 remigium

11 1707 161 1775 lagncsiam
185 1706 220 1756 ad
242 1706 370 1770 Sipylum
391 1707 516 1754 missum:
536 1718 690 1771 perpaucas

11 1778 135 1829 ibductas
147 1790 220 1834 esse,
241 1780 269 1824 et
284 1775 396 1823 navalia
407 1775 480 1840 tegi:
503 1788 639 1840 nunquam
650 1774 691 1824 in·

11 1862 62 1897 :eni
79 1844 207 1894 navalem
222 1842 443 1897 administratam
460 1858 529 1895 csse.
565 1845 644 1895 llaec
656 1860 690 1895 ne

11 1933 21 1966 s
34 1914 204 1973 audirentur,
216 1913 323 1962 animus
337 1928 431 1964 errore
443 1919 471 1964 et
482 1928 606 1979 sperana
614 1930 691 1981 prac-

11 2002 37 2035 us
49 1983 126 2034 lecit.
153 1982 351 2049 Polyxenidas,
363 1984 432 2034 satis
446 1985 571 2035 omnibus
583 2000 691 2051 erilinpa-

15 2061 59 2107 cte
70 2054 175 2117 remige
188 2054 354 2117 allagnesia
362 2053 691 2121 arcessit0,deductisque

22 2139 92 2191 quac
104 2122 258 2173 subductae
271 2129 357 2183 erant,
379 2124 504 2186 navibus,
521 2140 604 2190 quum
618 2125 691 2175 diem

20 2196 49 2244 in
61 2200 196 2258 apparatu
216 2193 429 2258 absumpsisset,
451 2209 531 2260 quam
544 2195 617 2261 quod
629 2210 692 2243 con·

12 2264 193 2315 ›ficiscuntem
209 2262 326 2312 classem
344 2262 469 2327 nolebnt;
490 2271 554 2330 post
567 2263 634 2312 solis
647 2276 690 2307 oc-

12 2334 141 2384 refectus
164 2333 343 2397 septuaginta
361 2334 477 2383 navibus
492 2334 586 2389 tectis,
609 2332 692 2377 vento

12 2441 16 2463 ,
28 2410 92 2454 ante
105 2403 191 2452 lucem
200 2402 306 2468 Pygela
317 2403 537 2467 portunitenuit.
552 2397 694 2472 Ubiquurn

23 2475 59 2525 ob
71 2473 186 2524 eandem
199 2488 310 2524 causam
324 2474 452 2539 quiesset,
472 2476 552 2520 nocte
563 2468 591 2516 in
602 2476 695 2530 proxi·

12 2545 57 2594 iae
76 2550 167 2593 terrae
179 2543 301 2597 traiecit.
339 2539 572 2598 lunonis-,maio
584 2532 707 2605 nundum

12 2618 50 2660 ita
70 2612 194 2677 quinque
210 2616 332 2671 naribus
350 2610 627 2672 tectisPal'inurunx
640 2606 727 2655 'iusso

12 2683 72 2743 tque
82 2679 152 2730 inde
164 2692 310 2753 annulatos,
324 2682 577 2761 quapnon'nnunx
586 2692 643 2745 peu
656 2676 751 2735 unffi
