1838 2954
10 45 770 120 annumeramus.[coenomanico

9 154 50 209 odi
60 153 183 224 captione
194 154 274 224 eoqio
283 164 365 220 ercet,
386 165 414 208 et
431 164 567 209 mactatae
581 155 770 211 humanatio·

9 241 28 276 ce
49 225 255 294 immolatosque
277 226 374 279 liberor
400 242 463 278 ouoo
487 227 624 281 audirent.
661 227 769 297 Stipen-

9 310 46 358 m,
68 295 180 360 scitote,
200 296 356 364 pependisse
375 296 461 349 oocior
482 308 585 350 restrae
609 297 712 351 Gallio:
741 307 769 352 et

9 381 42 430 cc,
53 365 182 418 liberatae
188 383 238 434 per
249 382 293 419 ooo
303 366 381 437 regio
392 367 517 435 irnperio,
528 369 621 439 fecitte
628 384 771 438 penouroo,

9 450 65 488 :me
98 445 307 489 oretceeratnm.

11 505 64 558 XL
90 506 139 558 111.
161 505 220 571 Quo
232 508 340 577 longiae
349 506 502 562 Antiochus
511 518 615 564 ematur
626 518 702 574 ercet,
722 507 772 563 icoc

9 575 138 630 tolentino
146 575 176 632 in
185 577 254 630 eicio
269 578 345 632 (lolii
356 577 580 633 dominarentur:
596 588 632 644 et,
643 580 774 649 quioquid

19 654 160 701 terrerum
178 647 252 701 citro
270 645 360 701 Tauri
377 648 458 719 iugo,
482 651 626 704 Gallorum
644 650 772 720 imperio,

9 725 122 781 coertto,
134 717 316 770 adiooiooetie.'
329 717 367 774 At
377 719 447 774 enirn
457 729 521 774 eunt
531 721 598 775 iaec
608 721 668 776 ita:
678 736 772 775 rernm

9 802 45 840 tm
63 785 185 857 Delqlcoe
207 789 355 856 qnondam,
376 806 512 845 eommune
532 790 645 845 numani
660 791 772 862 genecio

9 860 112 920 uuluae,
132 858 287 912 umbilicum
300 861 372 914 arbit
384 871 532 924 terrarum,
556 860 633 915 Galli
643 861 772 928 spoliare·

9 936 45 989 otc
66 944 115 981 nec
129 928 189 982 ideo
202 933 320 997 populun
331 931 470 985 Romanus
484 929 526 982 dio
541 929 639 983 bellum
656 929 771 993 indixit,

9 996 128 1052 intulit.
164 999 300 1067 Equidem
312 1000 419 1070 aliquid
428 1001 560 1054 interesse
569 999 651 1052 redae
660 999 733 1052 inter
743 999 774 1052 id

9 1083 76 1137 tque,
86 1083 138 1134 quo
148 1071 268 1124 nondum
279 1071 309 1124 in
319 1071 380 1124 iure
390 1087 422 1123 ac
435 1070 537 1124 ditione
546 1077 638 1123 oeelra
652 1068 772 1122 Graecia

9 1154 45 1193 ue
55 1137 124 1191 Atio
138 1147 212 1203 erat,
232 1141 269 1193 ad
284 1142 434 1194 curandum
445 1140 773 1208 animaduertendumque,

10 1211 29 1263 d
39 1208 69 1262 in
80 1207 122 1261 icio
133 1209 325 1279 terriefierel;
336 1221 364 1264 et
373 1210 433 1275 doe,
444 1210 587 1281 qnofinem
598 1208 708 1279 imperii
717 1208 772 1263 Ro·

9 1278 37 1334 ni
50 1277 175 1333 Tantum
186 1290 302 1334 montem
313 1281 467 1345 etatuiotio,
487 1298 540 1350 quo
558 1280 714 1334 libertatem
723 1280 773 1332 im·

9 1349 154 1405 nitatemae
166 1349 325 1404 civitatibus
336 1352 417 1417 datie,
429 1369 481 1420 quo
492 1351 555 1405 aliie
557 1351 631 1421 siner
643 1349 774 1411 adiicilio,

9 1428 118 1490 coagro
133 1419 271 1484 multatio,
290 1421 354 1474 aliie
371 1422 492 1544 ”wifel
507 1419 664 1490 imponitis.-
684 1435 774 1490 regna

9 1489 84 1556 felir,
105 1490 243 1554 minuitio,
265 1492 424 1557 donalir,a
454 1491 545 1544 mitit:
564 1506 647 1545 curae
666 1497 774 1546 aeotrae

11 1560 77 1613 aetio
88 1576 159 1623 eote,
176 1571 209 1614 nt
223 1572 410 1628 nocentem
422 1561 544 1629 marique
554 1560 683 1614 iaceant.
719 1558 772 1623 An,

9 1631 17 1684 i
34 1629 180 1700 praecidio
199 1631 528 1695 deduciotetAntiociouo,
548 1646 617 1699 qnae
631 1628 726 1698 quieto
742 1628 773 1683 in

9 1716 18 1752 o
29 1700 138 1755 occidue
148 1709 237 1767 erant,
251 1719 304 1757 non
312 1701 451 1772 putaretis
462 1702 604 1755 liberatam
615 1699 728 1753 Atiam?
748 1698 773 1752 oi

10 1772 108 1824 lloeum
126 1772 264 1827 exercituo
278 1772 553 1844 effuoioagarentur,
572 1778 638 1824 rata
649 1772 772 1824 danaae·

9 1859 33 1905 o,
43 1858 113 1910 quae
124 1842 246 1905 dediotio,
265 1845 326 1914 regi
337 1842 464 1906 Eumeni,
479 1851 544 1895 rota
554 1840 666 1895 libertae
677 1840 772 1894 einum

9 1927 35 1964 uo
46 1915 132 1966 emet?
155 1912 210 1987 Sed
219 1913 285 1981 qnid
299 1930 349 1984 ego
360 1913 427 1967 laec
440 1912 483 1966 ito
495 1921 686 1982 argumentor,
710 1919 772 1964 ton·

9 1997 44 2034 tm
54 2000 109 2036 non
119 1984 284 2052 acceperim,
302 1984 349 2036 red
355 1981 473 2056 fecerim
484 1980 572 2036 docter
586 1982 700 2037 Gallae?
724 1980 772 2044 Te,

9 2050 108 2119 Scipio,
127 2055 242 2123 appello,
261 2052 337 2107 cuiue
349 2070 398 2124 ego
410 2051 486 2118 enini,
497 2054 638 2108 ruccoleno
649 2052 678 2108 in
688 2051 774 2103 ricem

9 2120 74 2175 terii
84 2122 138 2187 tui,
155 2124 284 2178 uirtutem
294 2123 516 2195 felicitatemque
524 2124 633 2193 pariter
643 2138 698 2176 non
707 2120 773 2192 frn-

9 2208 23 2246 a
39 2192 73 2246 ai
89 2193 140 2246 diio
155 2193 357 2247 immortalibus
368 2204 499 2262 precatur
512 2210 589 2255 cumc
608 2202 647 2255 te,
665 2190 701 2242 Ρ.
714 2186 773 2240 Sci·

14 2297 22 2325 ,
41 2263 88 2331 qui
99 2265 186 2332 legati
195 2265 246 2328 ino,
260 2266 379 2334 collegae
390 2265 572 2326 maicototm,
588 2271 616 2314 et
626 2258 773 2341 opudsra·

9 2348 33 2385 m
45 2335 191 2399 conculcen,
212 2343 240 2388 et
256 2337 331 2403 aqud
346 2334 496 2389 exercitum
508 2330 645 2391 ioabuitti,·
665 2337 771 2382 totatu-

16 2403 46 2457 in
57 2403 181 2457 exercitu
189 2404 318 2460 Antiochi
330 2406 476 2460 Gallorum
485 2402 611 2473 legionen
619 2399 727 2470 §minen
744 2396 790 2464 cix3

9 2473 240 2542 irridentium,
262 2476 293 2534 in
306 2495 396 2536 cornu
406 2488 532 2545 utroque
551 2458 812 2555 &³⁸⁰02W*⁸³¹¹‘⁰*”}

18 2543 185 2612 enitebatur)
202 2551 336 2607 locatae?
356 2541 593 2624 pugnaveritis,
613 2542 653 2587 *l*
666 2521 803 2616 ww?

9 2610 104 2668 uitet?
122 2619 319 2682 cecideritin?
341 2625 444 2700 opalia
456 2629 571 2680 eorum
586 2598 783 2666 retulerim·
