1838 2954
77 134 129 189 132
228 136 261 187 r.
276 131 384 185 nrvrr
403 130 447 198 [o.
458 130 489 181 c,
500 129 559 185 555.
575 130 607 182 A.
619 132 649 182 e.
663 130 732 200 ma]

77 250 132 295 set:
153 241 201 292 alii
211 239 330 291 ferocius
341 239 513 301 incusarunt,
531 240 739 306 exprobrarunt

77 314 153 366 oredo
171 309 243 362 oirrci
259 309 316 362 siue
333 309 437 361 Aetolis
452 307 629 377 Philippum,
651 312 699 362 ced
713 329 739 363 m

76 381 180 451 quidem
190 379 219 432 in
235 379 380 432 Graeciam
390 379 528 434 Romanos
535 379 667 447 potuisse.
698 380 740 432 Ad

76 448 254 517 respondere,
265 466 298 502 ne
309 450 337 509 in
348 450 561 504 altercationem
573 450 723 502 excederet
734 466 739 501 r

78 518 282 587 supersedisset
291 520 445 585 Romanurn
468 520 558 573 omnic
570 536 614 572 eos
624 537 712 588 aequa
723 520 739 571 ir

77 607 130 654 rot,
141 590 166 642 ti
175 589 291 642 Romam
302 590 445 655 orisisrcnt,
457 590 535 642 dixit.
560 590 659 657 ltaque
669 605 704 642 ex
716 607 739 642 ar

78 662 137 715 eius
159 660 265 713 decreti
283 660 373 728 legati
391 666 465 713 sunt.
503 660 586 711 Hunc
603 661 686 713 linem
701 660 739 712 be]

76 730 205 798 Philippo
219 729 326 781 habuit.

130 798 258 852 XXXVI.
281 799 372 862 Quum
383 796 492 849 haeein
503 798 632 861 Graecia,
652 799 739 850 Mace·

79 877 107 924 et
116 870 182 925 Asia
194 874 369 936 gererentur,
388 868 530 919 Etruriam
548 866 682 919 infestam
693 882 739 934 pro

78 942 152 993 ratio
162 954 305 994 serrorum
314 936 392 991 fecit.
410 937 452 991 Ad
462 936 650 1005 quaerendam
662 940 739 1005 oppri

79 1027 132 1079 que
143 1025 204 1063 eam
214 1010 261 1061 Μ’.
272 1008 379 1061 Acilius
393 1014 521 1074 praetor,
538 1007 584 1059 cui
592 1007 670 1059 inter
680 1011 739 1060 cire

77 1097 182 1150 nosque
198 1078 356 1131 iurisdictio
372 1078 525 1145 obtigerat,
545 1093 607 1129 cum
619 1094 673 1129 una
685 1095 739 1130 exc

78 1153 161 1223 gione
172 1151 278 1202 urbana
287 1155 331 1201 est
340 1149 449 1199 missus.
481 1149 558 1199 Alios
571 1149 627 1199 iam
639 1164 739 1218 congre

78 1221 189 1291 gnando
200 1221 281 1281 vicit3
303 1234 338 1271 ex
348 1217 391 1269 his
402 1218 484 1269 multi
495 1219 590 1282 occisi,
609 1218 691 1271 multi
703 1236 739 1289 can

78 1293 240 1343 verberatos
251 1287 378 1341 crucibus
391 1286 496 1351 affixit,
508 1289 558 1356 qui
568 1289 708 1355 principes
719 1306 739 1342 cr

78 1360 120 1411 nis
140 1358 263 1410 fuerant:
294 1356 366 1409 alios
388 1357 508 1410 dominis
528 1360 663 1411 restituit.
700 1362 739 1412 Co

77 1428 233 1497 provincius
254 1425 376 1495 profecti
397 1433 470 1479 sunt.
506 1428 675 1481 Marcellum
691 1430 739 1482 Boi

79 1515 204 1568 gressum
214 1500 291 1562 fines,
309 1496 429 1565 fatigato
440 1513 490 1564 per
501 1499 575 1550 diem
586 1506 677 1551 totum
688 1502 737 1551 mil

79 1570 186 1633 cienda,
206 1576 299 1622 castra
308 1568 338 1619 in
348 1568 454 1619 tumulo
467 1569 586 1634 quodam
600 1577 739 1636 ponenteu

79 1657 140 1692 inus
151 1640 273 1709 quidam,
283 1639 396 1707 regulus
405 1639 549 1701 Boiorum,
558 1655 621 1691 cum
632 1656 735 1709 magna

80 1718 173 1773 ortus,
195 1711 230 1762 ad
246 1711 302 1761 tria
317 1709 406 1759 millia
416 1707 556 1759 hominum
574 1711 689 1762 occidit:
716 1719 739 1764 et

78 1781 132 1831 riri
149 1781 257 1846 aliquot
274 1780 301 1828 in
318 1780 367 1830 illo
384 1779 577 1830 tumultuario·
590 1782 700 1847 proelio
717 1799 739 1833 ct

80 1851 154 1901 inter
166 1865 235 1914 quos
246 1847 506 1914 praefectisocium,
514 1852 547 1901 Τ.
556 1850 736 1917 Sempronius

80 1928 108 1971 et
122 1919 160 1970 M.
172 1919 265 1969 lunius
277 1916 400 1983 Silanus3
423 1925 451 1970 et
468 1920 574 1971 tribuni
589 1922 711 1972 militurn
726 1922 739 1971 d

79 1987 209 2051 secunda,
220 1988 259 2040 M.
272 1988 408 2054 Ogulnius
421 1995 449 2040 et
459 1989 490 2041 P.
503 1990 645 2043 Claudius.
683 1994 739 2043 Cas·

79 2059 113 2110 ab
121 2057 255 2110 Romanis
267 2058 384 2125 impigre
395 2061 552 2125 permunita
563 2068 736 2128 retentaque,

79 2134 137 2179 stes
149 2140 283 2193 prospero
294 2143 388 2194 pugna
399 2129 468 2180 elati
481 2134 662 2198 nequicquam
670 2147 739 2199 oppu

50 2190 61 2209 ⁸
79 2197 196 2250 Statiris
211 2195 310 2248 deinde
327 2198 425 2248 iisdem
445 2213 494 2264 per
511 2200 570 2252 dies
588 2202 697 2268 aliquot
713 2218 739 2253 se

79 2269 144 2320 dum
165 2273 193 2320 et
208 2267 318 2317 saucios
336 2275 459 2330 curaret,
481 2275 509 2321 et
520 2277 645 2323 extento
656 2279 739 2323 terror

79 2339 203 2390 militum
214 2337 351 2389 reliceret.
363 2338 436 2399 Boii,
446 2346 478 2389 ut
490 2348 533 2390 est
544 2357 611 2408 gens
623 2343 736 2393 minime

78 2409 203 2462 taedium
223 2407 368 2460 ferendum
380 2408 503 2474 patiens,
525 2411 553 2460 in
566 2413 683 2464 castella
693 2428 739 2463 sue

79 2481 180 2546 passim
194 2478 297 2547 dilapsi
308 2484 380 2529 sunt.
412 2479 572 2544 Marcellus,
584 2482 660 2534 Pado
674 2482 739 2534 coni

80 2551 153 2603 iecto
160 2587 168 2614 ,
188 2550 216 2600 in
227 2564 325 2617 agrum
336 2549 513 2610 Comensem,
529 2552 577 2602 ubi
587 2554 733 2615 Insubres,

70 2621 123 2670 bns
133 2621 174 2673 ad
185 2637 266 2673 arina
278 2618 391 2682 excitis,
404 2617 657 2684 castrababebant,
665 2624 739 2689 legio

59 2687 141 2741 Galli
149 2689 267 2746 feroces
274 2691 423 2746 Boiorum
435 2697 506 2744 ante
517 2690 581 2744 dies
589 2706 739 2758 naucosnu

23 2807 161 2937 „q
