1838 2954
241 41 271 85 et
283 49 356 101 qnae
371 39 587 100 imperamntur,
607 39 636 83 et
651 38 804 98 quaeipsis
823 46 911 99 prope

243 110 319 164 sent,
346 103 533 168 exposuissct;
561 104 753 167 ingemuerunt
777 100 889 168 quidem
917 127 919 160 ς

244 173 397 225 conditioni
410 188 488 233 snae,
510 170 658 236 petendum
672 176 765 222 tamon
776 172 878 223 victori
889 188 919 223 cr

244 250 319 295 etex
331 242 458 294 omnibus
471 241 580 307 oppidis
591 240 785 292 convocandos
797 242 915 293 Aetolos

244 313 349 365 cilium.

298 381 399 433 XXIX.
418 380 567 446 Postquam
588 392 653 428 vcro
672 379 761 427 omnis
779 386 877 432 coacta

244 451 342 503 eadem
354 451 406 502 illa
416 450 533 511 audivit,
551 448 620 499 adoo
632 449 750 498 sarritiu
761 450 871 515 imperii
883 459 914 502 at

244 522 353 588 gnitate
364 521 521 586 exasperati
532 518 617 570 animi
629 525 702 578 sunt,
713 525 754 579 ut,
765 518 790 568 si
801 520 830 569 in
842 535 911 586 pace

244 590 296 639 illo
308 592 413 654 inipetu
424 591 483 640 irae
500 589 632 639 concitari
648 587 790 652 potuerint
806 589 842 639 ad
856 589 912 642 bell

243 657 313 707 iram
326 656 477 707 accedebat
488 666 516 707 ct
528 656 675 708 difficultas
687 672 869 725 eorumquae
880 659 893 710 i

244 736 302 775 tur:
315 728 439 792 (quonam
449 727 527 777 rnorlo
539 725 607 777 enirn
619 725 712 793 utique
724 730 912 801 regernrlmyna

244 795 354 848 tradere
363 795 470 861 portel)
482 801 509 846 ct
521 810 583 860 spes
595 794 669 846 forte
685 796 791 859 obluta,
814 800 889 865 quod

246 879 280 917 eo
292 866 354 931 ipso
365 871 489 931 tompore
501 866 535 916 ab
549 878 614 930 segc
625 863 762 916 Antiocho
776 868 904 931 veniens,

248 934 457 1001 exspectatione
467 950 539 985 rano
548 932 767 997 multitudinem,
785 942 864 989 terra
874 954 911 989 ιιι

246 1021 315 1072 gons
327 1004 419 1071 parari
429 1004 542 1056 bellum.
578 1002 751 1055 Duodccimo
767 1004 792 1056 is
809 1004 869 1071 die,
891 1023 909 1075 q

247 1074 395 1125 scanderat
412 1089 523 1136 narem,
544 1073 574 1124 in
584 1073 737 1136 Aetoliam,
756 1076 911 1142 perfectul

246 1142 357 1193 rediens
369 1142 488 1195 Phalara
506 1144 536 1194 in
556 1147 617 1194 sinu
633 1142 757 1195 Maliaco
781 1147 879 1199 tenuit.

246 1212 330 1262 uriam
341 1215 486 1278 pecuniam
498 1228 579 1281 qunm
592 1211 756 1277 devexisset,
768 1214 829 1282 ipse
842 1232 904 1268 cum

247 1296 362 1346 vespera
379 1284 469 1347 prima
483 1285 556 1334 inter
566 1281 750 1333 Macedonum
764 1286 910 1353 Romanaq

247 1349 339 1401 medio
356 1366 439 1419 agro,
461 1353 525 1403 dum
537 1353 679 1419 Hypatam
696 1356 770 1404 notis
787 1355 907 1407 callibus

248 1419 399 1470 stationem
409 1422 901 1491 inciditMaccdonnm,dcductnsque
917 1448 919 1470 2

250 1496 302 1551 cst,
314 1490 432 1539 aonidum
445 1492 569 1541 comitio
582 1491 704 1543 concisso.
742 1494 824 1554 Quod
835 1494 883 1546 ubi
897 1514 912 1546 n

250 1565 300 1620 est,
311 1558 387 1608 velut
398 1556 526 1625 hospitis,
538 1578 591 1611 non
604 1558 699 1623 hostis,
711 1562 831 1613 adventu
845 1574 903 1616 ιιιοι
