1838 2954
42 99 683 171 mfflvracnnat.[U.c.562.A.C.190.]
712 99 763 157 33³

40 204 133 261 XVll.
151 204 277 258 Profecti
287 205 323 257 ab
333 203 415 257 Samo
429 204 464 256 ad
475 202 609 270 petendos
628 219 763 258 commea·

16 275 198 341 [consumptis
208 274 266 326 iam
277 275 418 337 omnibus,
430 272 527 324 Chium
538 274 676 340 parabant
686 275 765 327 traii-

15 360 36 398 e.
69 344 103 396 ld
118 350 180 396 erat
198 341 327 396 horreum
339 342 485 407 Romanis3
507 358 594 411 eoque
615 358 710 396 omnes
730 359 765 397 ex

15 414 50 467 lla
59 416 164 483 mimae,
172 411 317 465 onerariae
329 410 487 479 dirigebant
498 427 617 465 cursum.
644 414 766 466 Circum·

15 484 82 537 tiab
93 483 161 535 urbe
171 481 208 533 ad
217 495 316 533 aversa
324 480 433 534 insulae
448 482 569 551 (obieeta
584 483 710 550 aquiloni
730 482 766 534 ad

15 568 63 605 um
73 556 103 605 et
110 549 249 620 Erythras
260 554 335 615 sunt)
348 565 430 618 quum
439 556 569 618 pararent
579 553 725 616 traiicere,
735 552 767 603 li·

15 620 767 690 lsoertlorfltpraetonfrumeatisimmagnamchium

15 690 94 745 ltalia
108 691 232 757 uenisse;
248 691 343 744 rinum
359 696 503 758 portantes
517 704 602 743 naves
618 697 768 759 tempesta·

15 778 41 815 ss
50 766 175 815 retentas
187 775 256 814 esse.
285 759 374 813 Simul
383 760 501 812 allatum
512 765 564 824 est,
574 760 661 813 Teios
672 762 767 831 regiae

15 830 178 898 sslbouigue
189 835 359 882 commeatus
374 829 548 896 praebuisse3
569 831 688 898 quinque
708 832 767 884 mil·

18 915 153 955 rasorum
167 900 227 952 siai
241 914 302 952 esse
322 898 476 966 pollicitos.
511 901 601 951 Teum
621 916 656 953 ex
676 901 768 956 medio

15 986 50 1024 sa
59 970 180 1023 classem
188 974 303 1036 repente
313 968 423 1031 avertit,
432 972 483 1020 aut
492 967 649 1020 volentibus
660 969 697 1021 iis
706 986 770 1023 usu·

25 1044 185 1094 commeatu
195 1044 297 1107 parato
308 1037 452 1099 hostibus,
471 1043 519 1087 aut
530 1039 606 1103 ipsos
618 1051 666 1104 pro
683 1037 770 1091 hosti·

15 1108 186 1162 strabiturus.
222 1108 313 1171 Quum
324 1106 492 1161 direxissent
503 1107 540 1158 ad
550 1111 654 1156 terram
663 1120 771 1173 proras,

17 1178 126 1232 ndecim
139 1176 230 1230 ‘ferme
244 1177 280 1227 iis
294 1191 380 1227 naves
397 1176 472 1227 circa
481 1176 668 1242 Myonnesum
688 1190 770 1243 appa-

15 1253 98 1311 runt,
119 1262 186 1316 qaas
195 1245 285 1314 primo
296 1259 332 1298 ex
342 1243 432 1296 classe
444 1243 522 1312 regia
532 1248 647 1311 praetor
656 1259 718 1298 esse
728 1260 770 1297 ra·

15 1352 21 1381 ‚
32 1316 138 1369 institit
148 1315 236 1384 sequi.
272 1313 410 1382 Apparuit
419 1311 485 1366 inde
492 1348 500 1376 ,
516 1314 652 1382 piraticas
663 1314 771 1369 celoces

16 1385 113 1439 ambos
124 1401 193 1438 esse.
229 1382 362 1436 Chiorum
372 1383 540 1435 maritimam
558 1398 637 1438 oram
651 1384 771 1454 depopu-

15 1458 32 1520 l,
54 1470 118 1508 oum
130 1454 220 1505 omnis
236 1454 347 1521 generis
364 1453 471 1520 praeda
490 1460 674 1519 revertentes,
697 1461 772 1522 post-

15 1541 50 1578 ua
59 1524 156 1577 ridere
168 1523 271 1576 exalto
284 1523 410 1585 classem,
422 1523 452 1574 in
463 1521 558 1591 fugam
568 1529 720 1576 verterunt.
732 1524 771 1575 Et

15 1595 113 1649 esitato
124 1592 301 1660 superabant,
322 1592 474 1646 levioribus
487 1598 515 1644 et
525 1591 560 1643 ad
570 1592 599 1643 id
608 1591 771 1645 labrefactis

15 1664 102 1732 igue,
122 1670 150 1715 et
163 1663 308 1730 propiores
322 1669 415 1715 terrae
430 1668 518 1716 erant.
553 1662 663 1729 ltaque,
684 1663 772 1729 prius-

15 1750 50 1787 rm
62 1734 295 1800 appropinquaret
307 1733 419 1795 classis,
437 1731 623 1800 Myonnesum
645 1731 773 1802 perfuge-

15 1810 43 1855 ιι.
78 1801 158 1854 Unde
175 1818 205 1855 se
220 1818 235 1855 e
253 1808 336 1868 portu
356 1810 434 1854 ratus
452 1802 658 1856 abstracturum
679 1818 773 1866 naves,

17 1889 83 1926 arus
104 1873 161 1925 loci
180 1872 347 1940 sequebatur
365 1877 485 1941 praetor.
520 1872 691 1940 Myonnesus
711 1888 773 1940 pro·

17 1944 140 1994 ntorium
155 1942 228 1993 inter
239 1944 327 1994 Teum
338 1940 506 2010 Samumque
521 1948 572 1995 est.
608 1942 671 2009 lpse
692 1943 774 1995 collis

25 2013 55 2063 in
65 2012 176 2063 modum
186 2017 278 2063 metae
288 2012 318 2062 in
329 2018 440 2063 acutum
453 2027 583 2064 cacumen
598 2027 615 2063 a
629 2011 715 2065 fundo
732 2029 774 2064 sa·

19 2083 80 2134 lato
93 2082 257 2149 fastigatus:
278 2097 295 2131 a
307 2082 461 2133 continenti
482 2089 560 2134 artae
580 2083 697 2137 semitae
717 2082 775 2133 adi-

15 2150 138 2205 nhabet:
160 2167 177 2202 a
188 2151 259 2204 mari
271 2166 371 2203 exesae
381 2149 512 2203 fluctibus
527 2167 609 2221 rupes
624 2152 774 2213 claudunt3

22 2228 54 2273 ut
64 2220 228 2290 quibusdam
240 2220 310 2272 locis
329 2220 563 2287 superpendentia
578 2239 646 2277 saxa
661 2223 725 2291 plus
745 2221 774 2269 in

15 2307 70 2355 um,
92 2307 187 2359 quarn,
207 2292 316 2358 quaein
326 2293 448 2342 statione
458 2298 535 2355 saint,
552 2308 652 2355 naves,
673 2288 775 2358 promi-

15 2368 61 2414 tnt.
99 2364 221 2414 Circaea
231 2360 451 2428 appropinquare
465 2376 520 2413 non
530 2378 614 2413 ausae
628 2373 726 2419 naves,
737 2371 772 2409 ne

15 2451 20 2484 t
40 2433 98 2483 ictu
117 2431 336 2498 superstantium
357 2426 471 2497 rupibus
493 2432 647 2497 piratarum
668 2432 771 2489 esseut,

17 2501 168 2554 mtrirere.
204 2501 343 2564 Tandem,
364 2503 413 2554 sub
433 2507 547 2553 noctem
567 2510 639 2547 uano
659 2495 773 2561 incepta

15 2585 49 2621 rm
61 2571 252 2630 abstitissent.
275 2574 367 2629 Teum
377 2580 499 2644 postero
511 2570 738 2623 dieaeeessesex
755 2569 812 2641 ⁸sag

15 2644 95 2702 ΜΠ,
116 2643 214 2708 quial)
227 2654 316 2719 tergo
329 2649 417 2704 urbis
436 2652 501 2711 est,
519 2634 749 2709 liberaest'xeum
759 2637 825 2688 xes*
