1838 2954
12 39 153 71 kAAVffl·
160 39 202 68 UA
209 39 234 69 1¹.
242 39 334 71 00008·
344 39 521 85 [u0u000'hn-
529 39 558 68 u·
568 39 636 84 tom]
654 38 708 71 ‘m

17 118 183 172 sociorumve
192 135 261 188 quoe
271 119 350 171 uedeo
362 118 541 188 aedificiaque
551 119 708 191 introfines

12 189 120 242 intiociei
131 197 206 252 eunt,
220 204 272 257 quo
283 187 344 240 iure
354 197 418 241 onte
428 189 524 242 bellum
537 189 665 262 fuerunt,
677 207 707 243 eo

12 275 70 312 rum
79 259 244 312 sociorumve
254 267 344 311 sunto.
382 258 415 309 Si
430 274 498 325 poue
515 259 649 327 pecuniae
665 262 709 311 eie·

17 345 111 382 eorum
122 328 229 382 exactio
239 339 304 381 esto.
341 327 374 380 Si
389 329 456 397 quid
467 329 590 382 oblatum
601 339 654 392 est,
674 330 706 382 iu

15 400 94 462 endi,
105 399 295 469 cognoscendi,
306 399 498 467 repetendique
508 399 551 453 ius
562 400 627 453 item
639 409 705 452 etto.

20 470 110 534 urbes,
122 485 188 538 quus
200 470 275 521 tradi
286 477 401 537 oportet,
410 468 434 519 ii
445 477 544 534 tenent,
552 469 708 537 quibusdu-

16 539 102 603 decio,
123 549 191 593 etex
201 540 236 591 iis
244 538 387 609 praesidio
398 540 542 600 deducito,-
560 540 654 610 utipue
666 557 710 591 re·

12 610 114 673 lentur,
125 619 231 662 curato.
260 609 285 661 A
321 609 465 677 entiproti
476 610 613 664 duodecim
622 609 711 663 mittio

285 626 300 659 r

12 682 114 734 talento
125 681 188 732 dato
199 680 276 732 intro
289 626 430 732 iicodeeim
441 696 526 733 annos
533 679 711 749 pensionibus

21 753 166 813 (talentum
175 767 209 802 ne
219 748 308 801 minue
324 752 415 817 pondo
426 750 568 820 octogiuta
578 748 711 804 Romanis

12 820 64 872 :tui
81 820 197 888 pendat)
213 828 240 872 et
255 819 347 872 tritici
361 820 511 891 quingenta
525 818 712 889 quodraginta

13 890 123 943 rodium.
133 889 252 943 Eumeni
262 890 323 958 regi
334 892 438 942 talento
449 898 570 943 trecento
579 891 712 958 quinqua·

13 971 68 1013 stra
78 959 288 1027 quinquennium
298 961 378 1011 dato:
391 968 418 1011 et
423 976 476 1041 pro
481 959 634 1030 frumento,
636 960 711 1079 guoti

13 1030 161 1100 ttionefict,
169 1033 275 1084 talento
286 1038 393 1083 centum
404 1028 507 1099 uiginti
516 1036 624 1097 septem.
661 1027 713 1079 tsi·

13 1100 90 1154 uanie
100 1100 203 1170 uiginti
213 1101 285 1162 doto,
306 1108 333 1152 et
343 1097 464 1152 tniennio
475 1106 583 1151 mutato
588 1113 600 1159 ‚·
618 1114 652 1153 tte
663 1096 713 1149 mi·

13 1180 116 1223 etenum
128 1172 223 1223 denum
235 1185 381 1233 annorum,
403 1186 455 1222 neu
465 1169 581 1222 maiores
601 1166 714 1235 quinum

13 1256 118 1310 genum.
157 1240 188 1292 st
199 1239 245 1308 qui
256 1239 391 1293 sociorum
403 1239 502 1309 populi
510 1236 631 1293 Romani
639 1240 713 1291 uitro

21 1310 146 1381 inferent
155 1309 303 1372 Antiocho,
324 1310 378 1362 rim
394 1309 421 1361 ni
442 1308 553 1363 arcendi
574 1308 618 1362 ius
639 1316 711 1367 esto,

20 1394 99 1446 quarn
112 1378 203 1432 urbem
213 1387 264 1432 out
275 1380 338 1432 beili
348 1382 408 1433 iure
419 1388 527 1445 teneat,
547 1388 597 1433 out
605 1378 635 1430 in
647 1376 715 1429 onti-

13 1448 139 1517 uccipiat.
156 1447 362 1502 Controversias
372 1450 445 1502 iuter
455 1466 482 1501 ee
492 1450 553 1503 iure
564 1465 597 1501 oc
609 1446 713 1500 iudicio

13 1528 86 1583 uoto,
97 1527 156 1583 out,
167 1519 191 1571 ei
201 1519 324 1640 uttinpue
332 1519 461 1586 placebit,
473 1519 546 1571 betto.
582 1517 625 1569 De
636 1518 714 1569 Hon-

15 1589 122 1653 Poeno‚
152 1595 181 1642 et
203 1592 301 1642 Aetoo
322 1590 466 1651 Thoante,
487 1595 515 1641 et
534 1585 713 1639 Mnasilocho

15 1675 62 1722 nc,
85 1663 113 1711 et
133 1657 363 1713 Chalcidensibus
374 1657 515 1710 Eubulida
534 1665 562 1711 et
583 1655 713 1719 Philone,

16 1731 53 1790 ie,
76 1729 102 1779 in
122 1728 176 1781 hoc
196 1744 304 1798 quoque
316 1728 432 1781 foedere
444 1728 595 1794 ascriptum
607 1733 663 1780 est:
685 1734 716 1780 et

13 1800 56 1850 uid
68 1805 166 1865 postes
175 1800 251 1864 ueluti,
263 1800 344 1862 demi,
355 1800 494 1850 mutarive
504 1798 663 1866 placuisset,
684 1806 715 1848 nt

13 1885 25 1920 s
36 1868 151 1922 foedere
163 1871 250 1923 tieret.

14 1940 86 1991 xlx.
105 1941 208 1991 consui
220 1940 323 1992 iuravit
333 1937 361 1989 in
371 1936 426 1988 hoc
445 1935 554 1988 foedus.
589 1937 630 1991 Ab
647 1951 715 2005 rege

14 2010 122 2076 igerent
142 2009 348 2069 iusiurandum,
377 2005 498 2073 profecti
518 2006 552 2069 Q.
574 2006 714 2059 Minucius

13 2095 43 2130 us
59 2084 87 2131 et
98 2079 131 2131 h.
142 2080 278 2142 Manlius,
298 2078 346 2144 qui
362 2081 422 2129 tum
438 2076 512 2129 forte
528 2076 562 2129 ab
574 2075 714 2129 Oroandis

37 2149 75 2200 Et
93 2151 126 2212 tl.
138 2148 226 2201 Fabio
241 2147 382 2209 Labeoni,
403 2149 450 2213 qui
472 2148 555 2200 classi
574 2149 715 2215 praeerat,

13 2218 176 2282 t,utPutsra
186 2218 326 2285 extemplo
339 2216 576 2285 proficiscentium
587 2226 714 2282 quaeque

14 2304 38 2342 es
48 2289 144 2358 regine
154 2295 255 2352 essent,
265 2288 425 2340 concideret
437 2290 636 2351 cremaretque.
646 2281 715 2333 Pro·

14 2360 45 2412 nb
53 2358 175 2425 Epheso,
181 2358 384 2428 quinquaginta
393 2364 482 2411 tectus
493 2371 578 2409 noves
588 2358 638 2432 out
649 2342 715 2404 eors-

14 2436 54 2481 sut
65 2429 196 2482 incendit.
232 2429 410 2484 Telmissum
421 2428 527 2482 entem
535 2418 743 2489 exsomnis,

17 2499 115 2551 subito
126 2500 258 2557 odronto
270 2503 377 2559 classis
391 2476 771 2593 onniisxiwffixssfflq

14 2571 130 2639 rotinus,
143 2573 238 2633 iussis
252 2579 291 2634 nb
301 2575 432 2650 Epheso
442 2564 549 2637 sentite
557 2548 675 2630 “iiim
