1838 2954
117 130 151 182 10
265 129 299 176 T.
318 125 358 176 121
368 123 425 174 Vll
449 123 492 188 [U.
505 122 533 173 C.
545 123 604 177 552.
615 121 647 172 A.
660 122 690 175 C.
701 120 769 188 ooo]

116 233 237 285 niaxime
249 243 383 279 novorum
395 227 541 287 bellorum,
558 225 805 291 supplicationibus
817 226 903 281 habit·
918 271 919 274 ,

116 307 181 361 iam,
193 307 221 351 et
234 298 426 349 obsecratione
438 296 513 347 circa
524 296 617 346 omnia
624 295 781 361 pulvinaria
793 295 879 362 facta,
887 314 919 349 n:

117 370 182 437 quid
190 368 470 435 praetermitteretur,
478 365 551 432 quod
561 365 710 432 aliquando
720 365 827 416 lactum
839 374 917 420 esset

116 439 199 492 ludos
211 438 269 489 lovi
281 436 437 502 donumque
450 449 550 487 vovere
561 436 711 498 consulem,
724 436 768 486 cui
778 437 878 502 provin
897 437 903 450 ’

117 506 285 561 Macedonia
296 506 446 567 evenisset,
469 504 560 556 iussit.
595 504 706 556 Moram
722 512 789 557 roto
807 505 916 572 publi

116 578 242 631 Licinius
252 574 382 643 pontifex
391 575 530 626 maximus
541 573 649 636 attulit,
670 574 718 640 qui
740 576 866 644 negarit,
890 592 906 629 ι

117 649 225 701 incerta
231 644 351 713 peronia
361 643 453 696 uoueri
463 643 565 707 debere,
587 642 612 695 oi
624 660 657 695 ea
668 644 787 710 pecunia
801 661 896 715 neap«

118 727 159 770 ιιι
169 717 198 770 ia
210 716 307 768 bellum
315 714 378 766 ιιιιιι·
389 730 453 776 eote,
464 712 608 781 reponique
625 713 720 765 rtatim
737 713 854 777 deberet,
902 753 906 757 »
918 751 919 756 =

119 803 179 841 cera
190 785 247 838 aria
253 784 371 853 pecunia
383 784 504 836 nrioceri:
515 783 589 852 quod
597 781 738 853 olfactum
744 791 821 846 erret,
831 800 864 836 oo
887 811 891 825 f

118 858 172 909 rite
182 856 248 907 uolui
259 872 310 908 non
317 870 405 922 poree.
434 855 596 919 Quanquam
609 857 637 903 et
648 867 702 915 res,
715 857 743 902 et
754 858 855 905 auctor
866 868 908 905 ms

118 927 211 987 vebat,
220 931 320 976 tamen.
328 924 364 975 ad
371 922 521 990 collegium
533 921 695 987 pontificum
706 920 814 973 referre
825 937 894 975 cone

118 998 219 1058 iussus,
229 997 252 1044 si
273 999 369 1060 posset
378 998 455 1044 recte
465 996 561 1042 votum
581 990 704 1042 incertae
717 990 854 1057 pecuniae
864 1006 910 1043 ιιι

120 1066 183 1134 cipi.
219 1062 318 1125 Posse,
339 1062 496 1127 rectiusque
511 1060 598 1111 etiam
619 1074 694 1122 esee,
712 1060 862 1126 pontifices
906 1085 912 1104 ·.

121 1139 275 1188 creverunt.
310 1130 396 1183 Vovit
405 1131 435 1182 in
447 1128 544 1182 eadem
555 1128 641 1180 verba
652 1129 758 1192 consul,
770 1144 911 1196 praeeun·

120 1204 242 1255 maximo
254 1201 393 1266 pontifice,
412 1199 515 1265 quibua
532 1203 615 1249 antea
627 1199 843 1265 quinquennalia
858 1214 912 1252 ro

122 1273 225 1338 suscipi
235 1269 322 1320 solita
333 1274 425 1319 erant:
444 1272 637 1334 praeterquam
656 1265 730 1335 quod
749 1273 830 1321 tanta
845 1285 918 1337 pecu

122 1345 177 1404 nia,
188 1343 320 1407 quantam
331 1344 400 1398 tum,
409 1351 494 1402 quum
504 1337 668 1402 solveretur,
677 1342 793 1390 uenatus
805 1340 919 1392 censui

122 1417 174 1475 oet,
185 1408 268 1461 ludos
281 1407 408 1473 donaque
419 1404 558 1457 facturum
570 1407 653 1458 vovit.
691 1408 791 1461 Toties
803 1408 911 1461 autel»

123 1481 153 1534 di
173 1477 311 1548 magnide
329 1481 408 1527 certa
427 1476 543 1544 pecunia
554 1476 614 1527 voti
628 1483 709 1528 erant
719 1491 730 1528 ι’
745 1477 768 1529 ii
788 1476 873 1545 primi
902 1502 907 1521 ι

122 1553 239 1606 incerta.

175 1621 210 1671 X.
222 1617 352 1670 Omnium
365 1614 462 1666 animis
474 1616 503 1665 in
519 1614 624 1666 bellum
635 1613 849 1667 Macedonicum
865 1630 901 1668 r.

123 1691 171 1751 sie,
183 1692 297 1753 repente
308 1684 379 1735 nibil
391 1686 482 1736 minus
491 1699 527 1737 eo
543 1691 668 1751 tempore
679 1684 851 1746 timentibus,
863 1684 900 1737 Gr

123 1759 172 1810 lici
183 1755 318 1808 tumultus
329 1752 405 1803 famo
420 1759 521 1804 exorta
530 1760 581 1806 eet.
618 1754 755 1816 insubres,
767 1755 902 1806 Cenoma
917 1768 919 1772 ⁴

124 1842 190 1895 qno,
212 1829 241 1876 ct
251 1822 328 1885 Boii,
348 1822 447 1874 excitis
457 1821 567 1889 Salyis‚
587 1824 813 1888 ilvatibusqueet
826 1828 891 1876 ceto

123 1892 281 1964 Ligustinis
292 1890 413 1958 populis,
428 1891 590 1944 Hamilcare
601 1892 694 1945 Poeno
707 1891 785 1955 duce,
795 1892 881 1959 quiin
893 1894 904 1945 l

124 1965 193 2018 loeis
206 1961 240 2013 de
245 1960 432 2013 Hasdrubalis
439 1961 563 2013 exercitu
573 1962 746 2024 substiterat,
754 1961 913 2014 Placentia

123 2036 296 2094 invaserant3
315 2036 352 2093 et,
368 2029 477 2097 direpta
497 2033 575 2094 urbe,
597 2031 770 2098 acperiram
780 2045 883 2100 magna
903 2054 918 2076 a

124 2108 203 2172 parte
222 2101 344 2162 incensa,
364 2100 413 2152 rix
428 2100 535 2152 duobus
556 2100 682 2152 millibus
693 2099 835 2153 hominum
852 2101 909 2153 int

124 2171 251 2253 incendia
259 2171 408 2253 ruinasque
417 2170 533 2234 relictis,
548 2173 667 2222 traiecto
677 2170 756 2251 Palo
772 2170 808 2222 ad
818 2172 914 2252 prem

122 2461 215 2505 tamen
222 2451 313 2519 prius,
334 2464 416 2517 quam
429 2454 664 2516 expugnarentur,
686 2449 854 2516 nuntiosque
865 2448 919 2500 mi

124 2528 216 2573 terent
227 2521 261 2574 ad
273 2525 431 2588 praetorem
443 2519 605 2570 Romanum.
627 2518 660 2571 L.
671 2517 773 2570 Furiae
784 2518 909 2586 Purpur

110 2595 172 2635 tum
175 2589 346 2648 provinciae
351 2591 500 2653 praeerat:
523 2592 618 2643 cetero
635 2601 672 2643 ex
685 2588 898 2640 senatusconeul

90 2651 226 2702 exeram
242 2655 374 2723 dimimo,
395 2668 516 2730 praeter
538 2660 669 2735 quinque
681 2657 900 2715 ubilamma
917 2696 918 2699 ,
