1844 2962
71 95 123 151 mo
217 102 253 153 r.
273 96 731 169 urvrrsc.c.557.n.c.195.]

70 218 161 277 gerat,
173 208 269 260 beilum
281 224 339 258 cum
352 225 382 260 eo
397 206 495 259 moliri.
518 205 686 259 Tentaterot
697 215 779 258 orites

71 278 149 331 nibal
163 295 216 345 per
226 277 382 329 Aristonem
398 277 528 346 Tyriunr,
551 276 609 328 siae
623 276 712 327 literis
728 274 779 328 Car

71 366 133 403 nens
139 349 258 410 missum,
269 349 306 399 ad
317 348 501 400 rebellandum
510 346 613 400 Poenos
625 347 772 400 concitore.

302 476 568 496 υ*

160 554 779 669 murmuraremus]

251 693 457 753 LIBER
498 693 697 752 XXXIV.

72 791 156 877 Inter
172 825 311 877 bellorum
326 841 502 894 magnorum,
524 832 574 878 aut
593 826 709 877 uixdum
728 821 779 873 lini

73 903 122 950 aut
132 897 347 958 imminentium,
369 912 449 948 curas
461 896 618 949 intercessit
627 912 673 948 res
688 908 777 960 parra

73 966 122 1020 sed
133 982 203 1033 quae
214 966 315 1017 studiis
324 967 352 1017 in
363 982 493 1034 magnum
506 974 647 1018 certamen
657 977 779 1017 excesser

47 1091 48 1094 ,
71 1037 234 1090 Fundanius
250 1042 279 1088 et
295 1037 328 1088 L.
338 1035 471 1088 Valerius
487 1036 594 1088 tribuni
611 1035 703 1103 plebei
717 1033 753 1085 ad
770 1046 779 1099 1

72 1108 198 1160 tulerunt
209 1107 244 1159 dc
256 1107 348 1175 Oppia
357 1107 421 1173 lege
438 1107 608 1177 abroganda.
644 1105 763 1158 Tulerat
777 1126 779 1143 ι

72 1179 181 1246 Oppius
203 1178 330 1229 tribunus
352 1178 455 1244 plebis,
476 1178 509 1240 Q.
526 1177 627 1237 Fabio,
648 1176 693 1227 Ti.
717 1172 779 1225 Sem

74 1248 241 1308 consulibus,
252 1248 281 1297 in
291 1248 384 1299 medio
395 1248 496 1300 ardore
508 1247 607 1300 Punici
616 1246 694 1307 belli,
711 1243 751 1295 Ne
762 1258 778 1309 q

71 1319 124 1371 lior
130 1321 195 1385 plus
204 1317 367 1369 semunciam
377 1318 442 1370 auri
452 1317 580 1370 baberet:
596 1332 647 1368 neu
658 1313 779 1367 vestimen

72 1387 184 1439 sicciori
195 1395 336 1439 uteretur.-
356 1403 409 1438 neu
421 1387 516 1440 iuncto
526 1386 648 1439 sediculo
657 1386 687 1438 ia
697 1382 764 1436 urbe
775 1404 779 1433 ι

71 1474 112 1521 oe,
123 1455 295 1525 autprcpius
305 1455 370 1509 inde
382 1456 454 1510 atille
461 1474 570 1525 passus,
581 1456 636 1510 nisi
646 1470 779 1508 soerorrm

73 1544 166 1580 eorum
176 1543 268 1589 causa,
279 1525 432 1578 cederetur.
469 1530 509 1580 Μ.
520 1533 549 1578 et
557 1526 588 1579 P.
599 1526 672 1577 lunii
680 1525 765 1576 Bruti

71 1598 164 1666 plebis
175 1599 267 1665 legem
276 1598 396 1665 Oppiam
405 1599 566 1659 tuebantur,
572 1613 623 1648 nec
636 1612 697 1648 eam
709 1611 740 1646 se
753 1593 779 1645 al

72 1683 205 1736 passuros
218 1669 340 1721 aiebant.
375 1668 418 1719 Ad
429 1668 599 1719 suadendum
611 1664 779 1718 dissuadend

72 1739 158 1790 multi
167 1740 276 1790 nobiles
288 1738 448 1805 prodibant.
465 1737 635 1804 Capitolium
644 1736 729 1787 turba
739 1733 776 1785 ho

72 1808 226 1860 faventium
237 1808 499 1876 adversantiumque
510 1808 567 1874 legi
585 1805 779 1872 complebatur

73 1886 171 1929 tronae
182 1877 260 1928 nulla
270 1892 321 1928 uec
331 1878 511 1940 auctoritate,
523 1892 574 1928 nec
584 1874 763 1937 verecundia,
774 1890 779 1923 r

72 1947 152 2015 perio
163 1946 287 1996 uirorum
298 1949 435 2000 contineri
447 1949 540 1999 linrine
552 1951 699 2014 poterantr
717 1960 779 1996 omn

72 2016 151 2068 urbis
163 2015 311 2082 aditusque
328 2019 355 2067 in
371 2017 464 2068 forum
481 2018 659 2079 obsidebant,
681 2016 779 2066 virosi

73 2086 171 2137 dentes
182 2084 217 2135 ad
228 2083 321 2135 forum
334 2094 461 2150 orantes,
472 2095 516 2151 ut,
528 2086 645 2139 florente
656 2083 779 2152 republi‹

73 2160 167 2208 scente
180 2153 278 2206 indies
289 2156 399 2221 privata
409 2159 530 2209 oninium
542 2158 661 2219 fortuna,
667 2161 780 2207 matrcn

74 2242 127 2294 que
140 2224 289 2292 pristinum
302 2234 429 2278 ornatum
440 2229 518 2280 reddi
530 2233 700 2296 paterentur.
721 2227 779 2306 Aug

72 2295 144 2349 hacc
159 2293 319 2362 frequentia
333 2298 481 2350 mulierum
496 2300 525 2350 in
543 2299 629 2361 dics„
648 2296 722 2349 Nam
744 2302 779 2347 etr

74 2365 185 2434 oppidis
197 2364 444 2435 conciliabulisque
457 2370 669 2421 conveniebant.
705 2366 766 2417 lam

74 2440 151 2491 sules
166 2443 366 2504 praetoresque
382 2446 410 2489 ct
426 2438 498 2490 alios
514 2441 697 2508 magistratus
713 2435 779 2487 adiu

74 2522 142 2573 gare
154 2507 304 2560 audebant.
315 2509 444 2560 Ceterum
456 2509 568 2562 urinime
581 2508 754 2561 exorabilem
767 2521 779 2557 a

73 2577 171 2643 utiquc
183 2577 325 2631 consulem
336 2578 375 2631 Μ.
386 2578 516 2631 Porcium
527 2581 660 2632 Catonem
670 2578 779 2631 habeba

75 2659 124 2712 pro
136 2646 209 2717 lege,
219 2664 290 2717 quae
301 2650 498 2719 abrogabatur,
509 2650 553 2705 ita
563 2649 707 2704 disseruit:
