<?xml version="1.0" encoding="UTF-8"?>
<!DOCTYPE html PUBLIC "-//W3C//DTD XHTML 1.0 Transitional//EN"
    "http://www.w3.org/TR/xhtml1/DTD/xhtml1-transitional.dtd">
<html xmlns="http://www.w3.org/1999/xhtml" xml:lang="en" lang="en">
 <head>
  <title>
</title>
<meta http-equiv="Content-Type" content="text/html;charset=utf-8" />
  <meta name='ocr-system' content='tesseract 3.04.00' />
  <meta name='ocr-capabilities' content='ocr_page ocr_carea ocr_par ocr_line ocrx_word'/>
</head>
<body>
  <div class='ocr_page' id='page_1' title='image "./tliviipatavinih02livigoog_0051.png"; bbox 0 0 1844 2962; ppageno 0'>
   <div class='ocr_carea' id='block_1_1' title="bbox 86 248 738 321">
    <p class='ocr_par' dir='ltr' id='par_1_1' title="bbox 86 248 738 321">
     <span class='ocr_line' id='line_1_1' title="bbox 86 248 738 321; baseline -0.014 -6"><span class='ocrx_word' id='word_1_1' title='bbox 86 258 123 315; x_wconf 80' lang='lat' dir='ltr'><strong>oa</strong></span> <span class='ocrx_word' id='word_1_2' title='bbox 223 254 258 309; x_wconf 83' lang='lat' dir='ltr'><strong>r.</strong></span> <span class='ocrx_word' id='word_1_3' title='bbox 276 252 385 307; x_wconf 84' lang='lat' dir='ltr'><strong>n1v11</strong></span> <span class='ocrx_word' id='word_1_4' title='bbox 406 248 738 321; x_wconf 62' lang='lat' dir='ltr'><strong>[pantanum]</strong></span> 
     </span>
    </p>
   </div>
   <div class='ocr_carea' id='block_1_2' title="bbox 64 328 768 2877">
    <p class='ocr_par' dir='ltr' id='par_1_2' title="bbox 88 328 768 618">
     <span class='ocr_line' id='line_1_2' title="bbox 92 328 768 351; baseline 0 -11"><span class='ocrx_word' id='word_1_5' title='bbox 92 328 768 351; x_wconf 84' lang='lat'><em>.----—-———--—-</em></span> 
     </span>
     <span class='ocr_line' id='line_1_3' title="bbox 88 358 768 424; baseline -0.013 -7"><span class='ocrx_word' id='word_1_6' title='bbox 88 363 322 418; x_wconf 86' lang='lat' dir='ltr'><strong>lenestraiecero:</strong></span> <span class='ocrx_word' id='word_1_7' title='bbox 333 359 407 421; x_wconf 92' lang='lat' dir='ltr'><strong>inde,</strong></span> <span class='ocrx_word' id='word_1_8' title='bbox 415 362 546 424; x_wconf 86' lang='lat' dir='ltr'><strong>superato</strong></span> <span class='ocrx_word' id='word_1_9' title='bbox 554 358 684 409; x_wconf 81' lang='lat' dir='ltr'>Toronae</span> <span class='ocrx_word' id='word_1_10' title='bbox 690 372 768 424; x_wconf 88' lang='lat' dir='ltr'><strong>prom</strong></span> 
     </span>
     <span class='ocr_line' id='line_1_4' title="bbox 89 426 768 498; baseline -0.015 -10"><span class='ocrx_word' id='word_1_11' title='bbox 89 433 254 498; x_wconf 77' lang='lat' dir='ltr'><strong>navigantes</strong></span> <span class='ocrx_word' id='word_1_12' title='bbox 264 426 420 483; x_wconf 80' lang='lat' dir='ltr'><strong>Acanthum</strong></span> <span class='ocrx_word' id='word_1_13' title='bbox 431 428 546 495; x_wconf 87' lang='lat' dir='ltr'><strong>petiere.</strong></span> <span class='ocrx_word' id='word_1_14' title='bbox 573 426 615 480; x_wconf 86' lang='lat' dir='ltr'><strong>lbi</strong></span> <span class='ocrx_word' id='word_1_15' title='bbox 629 428 721 493; x_wconf 90' lang='lat' dir='ltr'><strong>primo</strong></span> <span class='ocrx_word' id='word_1_16' title='bbox 732 442 768 494; x_wconf 91' lang='lat' dir='ltr'><strong>ag</strong></span> 
     </span>
     <span class='ocr_line' id='line_1_5' title="bbox 89 497 768 618; baseline -0.009 -62"><span class='ocrx_word' id='word_1_17' title='bbox 89 512 144 564; x_wconf 85' lang='lat' dir='ltr'><strong>tus,</strong></span> <span class='ocrx_word' id='word_1_18' title='bbox 156 500 257 552; x_wconf 89' lang='lat' dir='ltr'><strong>deinde</strong></span> <span class='ocrx_word' id='word_1_19' title='bbox 265 500 329 566; x_wconf 89' lang='lat' dir='ltr'><strong>ipsa</strong></span> <span class='ocrx_word' id='word_1_20' title='bbox 337 498 405 551; x_wconf 83' lang='lat' dir='ltr'><strong>urbs</strong></span> <span class='ocrx_word' id='word_1_21' title='bbox 416 499 446 548; x_wconf 86' lang='lat' dir='ltr'><strong>vi</strong></span> <span class='ocrx_word' id='word_1_22' title='bbox 457 503 540 563; x_wconf 87' lang='lat' dir='ltr'><strong>capta</strong></span> <span class='ocrx_word' id='word_1_23' title='bbox 552 512 584 548; x_wconf 85' lang='lat' dir='ltr'><strong>ao</strong></span> <span class='ocrx_word' id='word_1_24' title='bbox 599 497 715 618; x_wconf 58' lang='lat' dir='ltr'><strong>direpta</strong></span> <span class='ocrx_word' id='word_1_25' title='bbox 752 498 768 549; x_wconf 78' lang='lat' dir='ltr'><strong>l</strong></span> 
     </span>
    </p>

    <p class='ocr_par' dir='ltr' id='par_1_3' title="bbox 88 570 768 776">
     <span class='ocr_line' id='line_1_6' title="bbox 109 570 768 638; baseline -0.008 -16"><span class='ocrx_word' id='word_1_26' title='bbox 109 572 236 638; x_wconf 74' lang='lat' dir='ltr'>regressi</span> <span class='ocrx_word' id='word_1_27' title='bbox 255 572 325 635; x_wconf 87' lang='lat' dir='ltr'><strong>(iam</strong></span> <span class='ocrx_word' id='word_1_28' title='bbox 337 570 411 620; x_wconf 89' lang='lat' dir='ltr'><strong>enim</strong></span> <span class='ocrx_word' id='word_1_29' title='bbox 422 572 560 634; x_wconf 82' lang='lat' dir='ltr'><strong>etgraves</strong></span> <span class='ocrx_word' id='word_1_30' title='bbox 580 582 648 633; x_wconf 84' lang='lat' dir='ltr'><strong>prae</strong></span> <span class='ocrx_word' id='word_1_31' title='bbox 669 583 687 619; x_wconf 87' lang='lat' dir='ltr'><strong>a</strong></span> <span class='ocrx_word' id='word_1_32' title='bbox 708 583 768 619; x_wconf 62' lang='lat' dir='ltr'><strong>nara</strong></span> 
     </span>
     <span class='ocr_line' id='line_1_7' title="bbox 88 588 768 703; baseline -0.009 -8"><span class='ocrx_word' id='word_1_33' title='bbox 88 588 171 702; x_wconf 69' lang='lat' dir='ltr'><strong>lant)</strong></span> <span class='ocrx_word' id='word_1_34' title='bbox 182 636 350 703; x_wconf 85' lang='lat' dir='ltr'><strong>retro,nude</strong></span> <span class='ocrx_word' id='word_1_35' title='bbox 361 642 505 700; x_wconf 84' lang='lat' dir='ltr'><strong>venerant,</strong></span> <span class='ocrx_word' id='word_1_36' title='bbox 515 635 668 700; x_wconf 81' lang='lat' dir='ltr'><strong>Sciathum,</strong></span> <span class='ocrx_word' id='word_1_37' title='bbox 686 643 715 690; x_wconf 88' lang='lat' dir='ltr'><strong>et</strong></span> <span class='ocrx_word' id='word_1_38' title='bbox 735 638 768 690; x_wconf 85' lang='lat' dir='ltr'><strong>ab</strong></span> 
     </span>
     <span class='ocr_line' id='line_1_8' title="bbox 89 708 609 776; baseline -0.008 -14"><span class='ocrx_word' id='word_1_39' title='bbox 89 708 235 763; x_wconf 78' lang='lat' dir='ltr'><strong>Euboeam</strong></span> <span class='ocrx_word' id='word_1_40' title='bbox 245 714 384 776; x_wconf 86' lang='lat' dir='ltr'><strong>repetunt.</strong></span> <span class='ocrx_word' id='word_1_41' title='bbox 600 720 609 725; x_wconf 88' lang='lat'>·</span> 
     </span>
    </p>

    <p class='ocr_par' dir='ltr' id='par_1_4' title="bbox 85 774 768 2804">
     <span class='ocr_line' id='line_1_9' title="bbox 185 774 768 838; baseline 0 -8"><span class='ocrx_word' id='word_1_42' title='bbox 185 776 286 830; x_wconf 84' lang='lat' dir='ltr'><strong>XLVl.</strong></span> <span class='ocrx_word' id='word_1_43' title='bbox 298 778 342 827; x_wconf 90' lang='lat' dir='ltr'><strong>lbi</strong></span> <span class='ocrx_word' id='word_1_44' title='bbox 351 777 454 828; x_wconf 85' lang='lat' dir='ltr'><strong>relicto</strong></span> <span class='ocrx_word' id='word_1_45' title='bbox 463 776 561 838; x_wconf 87' lang='lat' dir='ltr'><strong>classe,</strong></span> <span class='ocrx_word' id='word_1_46' title='bbox 582 774 678 828; x_wconf 88' lang='lat' dir='ltr'><strong>decem</strong></span> <span class='ocrx_word' id='word_1_47' title='bbox 689 777 768 830; x_wconf 76' lang='lat' dir='ltr'><strong>nasib</strong></span> 
     </span>
     <span class='ocr_line' id='line_1_10' title="bbox 92 846 768 913; baseline -0.006 -12"><span class='ocrx_word' id='word_1_48' title='bbox 92 849 161 901; x_wconf 88' lang='lat' dir='ltr'><strong>ditis</strong></span> <span class='ocrx_word' id='word_1_49' title='bbox 183 848 273 899; x_wconf 91' lang='lat' dir='ltr'><strong>sinum</strong></span> <span class='ocrx_word' id='word_1_50' title='bbox 284 846 437 897; x_wconf 82' lang='lat' dir='ltr'><strong>Maliacum</strong></span> <span class='ocrx_word' id='word_1_51' title='bbox 453 846 608 909; x_wconf 74' lang='lat' dir='ltr'><strong>intravere,</strong></span> <span class='ocrx_word' id='word_1_52' title='bbox 630 846 666 896; x_wconf 84' lang='lat' dir='ltr'><strong>ad</strong></span> <span class='ocrx_word' id='word_1_53' title='bbox 682 847 768 913; x_wconf 76' lang='lat' dir='ltr'><strong>colloq</strong></span> 
     </span>
     <span class='ocr_line' id='line_1_11' title="bbox 92 913 768 984; baseline -0.006 -14"><span class='ocrx_word' id='word_1_54' title='bbox 92 932 156 970; x_wconf 82' lang='lat' dir='ltr'><strong>cum</strong></span> <span class='ocrx_word' id='word_1_55' title='bbox 165 917 272 970; x_wconf 90' lang='lat' dir='ltr'><strong>Aetolis</strong></span> <span class='ocrx_word' id='word_1_56' title='bbox 293 915 448 968; x_wconf 83' lang='lat' dir='ltr'><strong>donatione</strong></span> <span class='ocrx_word' id='word_1_57' title='bbox 470 913 586 981; x_wconf 86' lang='lat' dir='ltr'><strong>gerendi</strong></span> <span class='ocrx_word' id='word_1_58' title='bbox 606 915 684 969; x_wconf 86' lang='lat' dir='ltr'><strong>belli.</strong></span> <span class='ocrx_word' id='word_1_59' title='bbox 721 916 768 984; x_wconf 86' lang='lat' dir='ltr'><strong>Sip</strong></span> 
     </span>
     <span class='ocr_line' id='line_1_12' title="bbox 91 980 749 1054; baseline -0.006 -13"><span class='ocrx_word' id='word_1_60' title='bbox 91 988 209 1042; x_wconf 77' lang='lat' dir='ltr'><strong>Aetolus</strong></span> <span class='ocrx_word' id='word_1_61' title='bbox 219 986 347 1054; x_wconf 89' lang='lat' dir='ltr'><strong>princeps</strong></span> <span class='ocrx_word' id='word_1_62' title='bbox 359 984 511 1053; x_wconf 82' lang='lat' dir='ltr'><strong>legationis</strong></span> <span class='ocrx_word' id='word_1_63' title='bbox 522 984 582 1035; x_wconf 87' lang='lat' dir='ltr'><strong>eius</strong></span> <span class='ocrx_word' id='word_1_64' title='bbox 593 980 656 1047; x_wconf 86' lang='lat' dir='ltr'><strong>fnit,</strong></span> <span class='ocrx_word' id='word_1_65' title='bbox 677 1001 749 1054; x_wconf 89' lang='lat' dir='ltr'><strong>quae</strong></span> 
     </span>
     <span class='ocr_line' id='line_1_13' title="bbox 91 1053 761 1123; baseline -0.006 -12"><span class='ocrx_word' id='word_1_66' title='bbox 91 1056 260 1111; x_wconf 86' lang='lat' dir='ltr'><strong>municanda</strong></span> <span class='ocrx_word' id='word_1_67' title='bbox 270 1055 388 1107; x_wconf 88' lang='lat' dir='ltr'><strong>consilia</strong></span> <span class='ocrx_word' id='word_1_68' title='bbox 397 1053 565 1106; x_wconf 84' lang='lat' dir='ltr'><strong>Heracleam</strong></span> <span class='ocrx_word' id='word_1_69' title='bbox 578 1068 640 1105; x_wconf 86' lang='lat' dir='ltr'><strong>cum</strong></span> <span class='ocrx_word' id='word_1_70' title='bbox 654 1065 721 1123; x_wconf 86' lang='lat' dir='ltr'><strong>rege</strong></span> <span class='ocrx_word' id='word_1_71' title='bbox 732 1061 761 1107; x_wconf 90' lang='lat' dir='ltr'><strong>et</strong></span> 
     </span>
     <span class='ocr_line' id='line_1_14' title="bbox 91 1121 768 1194; baseline -0.004 -15"><span class='ocrx_word' id='word_1_72' title='bbox 91 1142 176 1181; x_wconf 80' lang='lat' dir='ltr'><strong>meno</strong></span> <span class='ocrx_word' id='word_1_73' title='bbox 186 1127 281 1194; x_wconf 88' lang='lat' dir='ltr'><strong>legato</strong></span> <span class='ocrx_word' id='word_1_74' title='bbox 290 1126 376 1178; x_wconf 80' lang='lat' dir='ltr'><strong>vonit.</strong></span> <span class='ocrx_word' id='word_1_75' title='bbox 394 1124 515 1177; x_wconf 88' lang='lat' dir='ltr'><strong>Petitum</strong></span> <span class='ocrx_word' id='word_1_76' title='bbox 527 1137 561 1175; x_wconf 86' lang='lat' dir='ltr'><strong>ex</strong></span> <span class='ocrx_word' id='word_1_77' title='bbox 572 1121 689 1178; x_wconf 82' lang='lat' dir='ltr'><strong>loedere</strong></span> <span class='ocrx_word' id='word_1_78' title='bbox 700 1125 768 1177; x_wconf 78' lang='lat' dir='ltr'><strong>abAt</strong></span> 
     </span>
     <span class='ocr_line' id='line_1_15' title="bbox 92 1194 768 1261; baseline -0.003 -13"><span class='ocrx_word' id='word_1_79' title='bbox 92 1202 126 1248; x_wconf 85' lang='lat' dir='ltr'><strong>ut</strong></span> <span class='ocrx_word' id='word_1_80' title='bbox 137 1197 215 1248; x_wconf 86' lang='lat' dir='ltr'><strong>millo</strong></span> <span class='ocrx_word' id='word_1_81' title='bbox 225 1196 329 1248; x_wconf 89' lang='lat' dir='ltr'><strong>milites</strong></span> <span class='ocrx_word' id='word_1_82' title='bbox 339 1200 505 1261; x_wconf 75' lang='lat' dir='ltr'><strong>praestaret.</strong></span> <span class='ocrx_word' id='word_1_83' title='bbox 535 1194 657 1244; x_wconf 84' lang='lat' dir='ltr'><strong>Tantum</strong></span> <span class='ocrx_word' id='word_1_84' title='bbox 668 1195 742 1247; x_wconf 90' lang='lat' dir='ltr'><strong>enim</strong></span> <span class='ocrx_word' id='word_1_85' title='bbox 753 1212 768 1246; x_wconf 92' lang='lat' dir='ltr'><strong>n</strong></span> 
     </span>
     <span class='ocr_line' id='line_1_16' title="bbox 92 1261 767 1334; baseline 0 -14"><span class='ocrx_word' id='word_1_86' title='bbox 92 1261 669 1334; x_wconf 83' lang='lat' dir='ltr'><strong>bellumgerentibusndversusPhilippum</strong></span> <span class='ocrx_word' id='word_1_87' title='bbox 679 1265 767 1319; x_wconf 80' lang='lat' dir='ltr'><strong>debeb</strong></span> 
     </span>
     <span class='ocr_line' id='line_1_17' title="bbox 92 1333 768 1404; baseline -0.006 -15"><span class='ocrx_word' id='word_1_88' title='bbox 92 1337 309 1404; x_wconf 87' lang='lat' dir='ltr'><strong>gatumAetolis:</strong></span> <span class='ocrx_word' id='word_1_89' title='bbox 321 1333 555 1402; x_wconf 83' lang='lat' dir='ltr'><strong>quodilliqnoque</strong></span> <span class='ocrx_word' id='word_1_90' title='bbox 560 1334 673 1400; x_wconf 84' lang='lat' dir='ltr'><strong>gravati</strong></span> <span class='ocrx_word' id='word_1_91' title='bbox 679 1334 768 1401; x_wconf 69' lang='lat' dir='ltr'><strong>prius&lt;</strong></span> 
     </span>
     <span class='ocr_line' id='line_1_18' title="bbox 91 1403 768 1474; baseline -0.006 -15"><span class='ocrx_word' id='word_1_92' title='bbox 91 1406 280 1474; x_wconf 78' lang='lat' dir='ltr'><strong>populandam</strong></span> <span class='ocrx_word' id='word_1_93' title='bbox 290 1404 484 1455; x_wconf 82' lang='lat' dir='ltr'><strong>Macedoniam</strong></span> <span class='ocrx_word' id='word_1_94' title='bbox 496 1403 581 1465; x_wconf 83' lang='lat' dir='ltr'><strong>exiro,</strong></span> <span class='ocrx_word' id='word_1_95' title='bbox 587 1418 641 1469; x_wconf 92' lang='lat' dir='ltr'><strong>quo</strong></span> <span class='ocrx_word' id='word_1_96' title='bbox 652 1409 768 1471; x_wconf 62' lang='lat' dir='ltr'><strong>tempora</strong></span> 
     </span>
     <span class='ocr_line' id='line_1_19' title="bbox 90 1473 768 1544; baseline 0 -17"><span class='ocrx_word' id='word_1_97' title='bbox 90 1491 128 1544; x_wconf 93' lang='lat' dir='ltr'><strong>po</strong></span> <span class='ocrx_word' id='word_1_98' title='bbox 140 1476 215 1527; x_wconf 85' lang='lat' dir='ltr'><strong>circa</strong></span> <span class='ocrx_word' id='word_1_99' title='bbox 225 1474 391 1538; x_wconf 85' lang='lat' dir='ltr'><strong>Pergamum</strong></span> <span class='ocrx_word' id='word_1_100' title='bbox 401 1479 498 1525; x_wconf 90' lang='lat' dir='ltr'><strong>urente</strong></span> <span class='ocrx_word' id='word_1_101' title='bbox 509 1488 588 1524; x_wconf 85' lang='lat' dir='ltr'><strong>sacra</strong></span> <span class='ocrx_word' id='word_1_102' title='bbox 597 1473 768 1542; x_wconf 82' lang='lat' dir='ltr'><strong>profanaque</strong></span> 
     </span>
     <span class='ocr_line' id='line_1_20' title="bbox 91 1542 768 1612; baseline 0 -16"><span class='ocrx_word' id='word_1_103' title='bbox 91 1545 232 1598; x_wconf 87' lang='lat' dir='ltr'><strong>hereeum</strong></span> <span class='ocrx_word' id='word_1_104' title='bbox 251 1542 317 1594; x_wconf 89' lang='lat' dir='ltr'><strong>inde</strong></span> <span class='ocrx_word' id='word_1_105' title='bbox 337 1550 466 1609; x_wconf 84' lang='lat' dir='ltr'><strong>respectu</strong></span> <span class='ocrx_word' id='word_1_106' title='bbox 486 1558 581 1595; x_wconf 85' lang='lat' dir='ltr'><strong>rerum</strong></span> <span class='ocrx_word' id='word_1_107' title='bbox 600 1556 712 1596; x_wconf 81' lang='lat' dir='ltr'><strong>suarum</strong></span> <span class='ocrx_word' id='word_1_108' title='bbox 731 1561 768 1612; x_wconf 95' lang='lat' dir='ltr'><strong>po</strong></span> 
     </span>
     <span class='ocr_line' id='line_1_21' title="bbox 90 1613 768 1682; baseline 0 -16"><span class='ocrx_word' id='word_1_109' title='bbox 90 1614 136 1666; x_wconf 89' lang='lat' dir='ltr'><strong>lta</strong></span> <span class='ocrx_word' id='word_1_110' title='bbox 145 1613 239 1667; x_wconf 89' lang='lat' dir='ltr'><strong>Aetoli</strong></span> <span class='ocrx_word' id='word_1_111' title='bbox 249 1629 312 1665; x_wconf 89' lang='lat' dir='ltr'><strong>cum</strong></span> <span class='ocrx_word' id='word_1_112' title='bbox 322 1628 371 1681; x_wconf 88' lang='lat' dir='ltr'><strong>spe</strong></span> <span class='ocrx_word' id='word_1_113' title='bbox 382 1614 484 1681; x_wconf 85' lang='lat' dir='ltr'><strong>magis,</strong></span> <span class='ocrx_word' id='word_1_114' title='bbox 494 1614 626 1665; x_wconf 84' lang='lat' dir='ltr'><strong>Romanis</strong></span> <span class='ocrx_word' id='word_1_115' title='bbox 638 1616 733 1666; x_wconf 88' lang='lat' dir='ltr'><strong>omnia</strong></span> <span class='ocrx_word' id='word_1_116' title='bbox 743 1630 768 1682; x_wconf 68' lang='lat' dir='ltr'><strong>pe</strong></span> 
     </span>
     <span class='ocr_line' id='line_1_22' title="bbox 91 1683 768 1753; baseline -0.007 -16"><span class='ocrx_word' id='word_1_117' title='bbox 91 1684 154 1748; x_wconf 89' lang='lat' dir='ltr'><strong>bus,</strong></span> <span class='ocrx_word' id='word_1_118' title='bbox 166 1699 247 1753; x_wconf 90' lang='lat' dir='ltr'><strong>qnam</strong></span> <span class='ocrx_word' id='word_1_119' title='bbox 259 1699 320 1735; x_wconf 92' lang='lat' dir='ltr'><strong>cnm</strong></span> <span class='ocrx_word' id='word_1_120' title='bbox 333 1683 438 1735; x_wconf 85' lang='lat' dir='ltr'><strong>auxilio</strong></span> <span class='ocrx_word' id='word_1_121' title='bbox 451 1683 566 1736; x_wconf 87' lang='lat' dir='ltr'><strong>dimissi.</strong></span> <span class='ocrx_word' id='word_1_122' title='bbox 603 1686 736 1753; x_wconf 81' lang='lat' dir='ltr'><strong>Apustius</strong></span> <span class='ocrx_word' id='word_1_123' title='bbox 749 1701 768 1736; x_wconf 66' lang='lat' dir='ltr'><strong>cn</strong></span> 
     </span>
     <span class='ocr_line' id='line_1_23' title="bbox 91 1753 768 1821; baseline 0 -14"><span class='ocrx_word' id='word_1_124' title='bbox 91 1754 121 1808; x_wconf 95' lang='lat' dir='ltr'><strong>lo</strong></span> <span class='ocrx_word' id='word_1_125' title='bbox 134 1756 171 1807; x_wconf 86' lang='lat' dir='ltr'><strong>ad</strong></span> <span class='ocrx_word' id='word_1_126' title='bbox 184 1754 302 1807; x_wconf 86' lang='lat' dir='ltr'><strong>classem</strong></span> <span class='ocrx_word' id='word_1_127' title='bbox 323 1753 417 1805; x_wconf 88' lang='lat' dir='ltr'><strong>rediit.</strong></span> <span class='ocrx_word' id='word_1_128' title='bbox 453 1753 519 1805; x_wconf 90' lang='lat' dir='ltr'><strong>lnde</strong></span> <span class='ocrx_word' id='word_1_129' title='bbox 539 1755 643 1821; x_wconf 86' lang='lat' dir='ltr'><strong>agitari</strong></span> <span class='ocrx_word' id='word_1_130' title='bbox 664 1754 698 1807; x_wconf 90' lang='lat' dir='ltr'><strong>de</strong></span> <span class='ocrx_word' id='word_1_131' title='bbox 715 1755 768 1807; x_wconf 86' lang='lat' dir='ltr'><strong>Ore</strong></span> 
     </span>
     <span class='ocr_line' id='line_1_24' title="bbox 92 1822 768 1895; baseline 0 -18"><span class='ocrx_word' id='word_1_132' title='bbox 92 1825 205 1895; x_wconf 87' lang='lat' dir='ltr'><strong>gnando</strong></span> <span class='ocrx_word' id='word_1_133' title='bbox 217 1830 354 1890; x_wconf 87' lang='lat' dir='ltr'><strong>coeptum.</strong></span> <span class='ocrx_word' id='word_1_134' title='bbox 375 1822 479 1874; x_wconf 88' lang='lat' dir='ltr'><strong>Valida</strong></span> <span class='ocrx_word' id='word_1_135' title='bbox 490 1838 523 1875; x_wconf 85' lang='lat' dir='ltr'><strong>eo</strong></span> <span class='ocrx_word' id='word_1_136' title='bbox 533 1824 634 1875; x_wconf 85' lang='lat' dir='ltr'><strong>civitas</strong></span> <span class='ocrx_word' id='word_1_137' title='bbox 651 1829 679 1876; x_wconf 89' lang='lat' dir='ltr'><strong>et</strong></span> <span class='ocrx_word' id='word_1_138' title='bbox 690 1839 768 1877; x_wconf 81' lang='lat' dir='ltr'><strong>nroen</strong></span> 
     </span>
     <span class='ocr_line' id='line_1_25' title="bbox 93 1893 768 1962; baseline 0.001 -18"><span class='ocrx_word' id='word_1_139' title='bbox 93 1895 160 1962; x_wconf 87' lang='lat' dir='ltr'><strong>quin</strong></span> <span class='ocrx_word' id='word_1_140' title='bbox 170 1899 235 1945; x_wconf 88' lang='lat' dir='ltr'><strong>ante</strong></span> <span class='ocrx_word' id='word_1_141' title='bbox 246 1893 339 1943; x_wconf 83' lang='lat' dir='ltr'><strong>luerat</strong></span> <span class='ocrx_word' id='word_1_142' title='bbox 347 1898 470 1955; x_wconf 88' lang='lat' dir='ltr'><strong>tentata,</strong></span> <span class='ocrx_word' id='word_1_143' title='bbox 484 1894 564 1944; x_wconf 89' lang='lat' dir='ltr'><strong>firmo</strong></span> <span class='ocrx_word' id='word_1_144' title='bbox 573 1900 635 1945; x_wconf 87' lang='lat' dir='ltr'><strong>erat</strong></span> <span class='ocrx_word' id='word_1_145' title='bbox 645 1894 768 1960; x_wconf 86' lang='lat' dir='ltr'><strong>praesidi</strong></span> 
     </span>
     <span class='ocr_line' id='line_1_26' title="bbox 90 1961 767 2030; baseline 0.003 -16"><span class='ocrx_word' id='word_1_146' title='bbox 90 1965 241 2014; x_wconf 84' lang='lat' dir='ltr'><strong>iunxerant</strong></span> <span class='ocrx_word' id='word_1_147' title='bbox 251 1976 280 2012; x_wconf 91' lang='lat' dir='ltr'><strong>se</strong></span> <span class='ocrx_word' id='word_1_148' title='bbox 291 1961 326 2011; x_wconf 87' lang='lat' dir='ltr'><strong>iis</strong></span> <span class='ocrx_word' id='word_1_149' title='bbox 337 1968 402 2027; x_wconf 86' lang='lat' dir='ltr'><strong>post</strong></span> <span class='ocrx_word' id='word_1_150' title='bbox 414 1965 648 2030; x_wconf 81' lang='lat' dir='ltr'><strong>expugnationem</strong></span> <span class='ocrx_word' id='word_1_151' title='bbox 656 1965 739 2015; x_wconf 86' lang='lat' dir='ltr'><strong>Andri</strong></span> <span class='ocrx_word' id='word_1_152' title='bbox 752 1981 767 2016; x_wconf 89' lang='lat' dir='ltr'><strong>c</strong></span> 
     </span>
     <span class='ocr_line' id='line_1_27' title="bbox 91 2030 766 2096; baseline 0.003 -13"><span class='ocrx_word' id='word_1_153' title='bbox 91 2032 167 2084; x_wconf 81' lang='lat' dir='ltr'><strong>fecto</strong></span> <span class='ocrx_word' id='word_1_154' title='bbox 187 2030 382 2096; x_wconf 78' lang='lat' dir='ltr'><strong>Agesimbroto</strong></span> <span class='ocrx_word' id='word_1_155' title='bbox 409 2032 511 2096; x_wconf 84' lang='lat' dir='ltr'><strong>viginti</strong></span> <span class='ocrx_word' id='word_1_156' title='bbox 531 2030 657 2086; x_wconf 85' lang='lat' dir='ltr'><strong>Rhodiae</strong></span> <span class='ocrx_word' id='word_1_157' title='bbox 681 2048 766 2086; x_wconf 77' lang='lat' dir='ltr'><strong>navos</strong></span> 
     </span>
     <span class='ocr_line' id='line_1_28' title="bbox 92 2100 768 2157; baseline 0.001 -4"><span class='ocrx_word' id='word_1_158' title='bbox 92 2116 198 2153; x_wconf 87' lang='lat' dir='ltr'><strong>omnes.</strong></span> <span class='ocrx_word' id='word_1_159' title='bbox 210 2100 280 2150; x_wconf 91' lang='lat' dir='ltr'><strong>Eam</strong></span> <span class='ocrx_word' id='word_1_160' title='bbox 291 2100 408 2151; x_wconf 88' lang='lat' dir='ltr'><strong>classem</strong></span> <span class='ocrx_word' id='word_1_161' title='bbox 420 2101 448 2151; x_wconf 92' lang='lat' dir='ltr'><strong>in</strong></span> <span class='ocrx_word' id='word_1_162' title='bbox 460 2102 610 2154; x_wconf 84' lang='lat' dir='ltr'><strong>stationem</strong></span> <span class='ocrx_word' id='word_1_163' title='bbox 623 2103 658 2154; x_wconf 95' lang='lat' dir='ltr'><strong>ad</strong></span> <span class='ocrx_word' id='word_1_164' title='bbox 667 2105 768 2157; x_wconf 77' lang='lat' dir='ltr'><strong>Zelasir</strong></span> 
     </span>
     <span class='ocr_line' id='line_1_29' title="bbox 91 2169 768 2242; baseline 0.003 -18"><span class='ocrx_word' id='word_1_165' title='bbox 91 2175 166 2233; x_wconf 81' lang='lat' dir='ltr'><strong>runt,</strong></span> <span class='ocrx_word' id='word_1_166' title='bbox 187 2169 334 2235; x_wconf 82' lang='lat' dir='ltr'><strong>(Isthmiae</strong></span> <span class='ocrx_word' id='word_1_167' title='bbox 345 2170 374 2220; x_wconf 91' lang='lat' dir='ltr'><strong>id</strong></span> <span class='ocrx_word' id='word_1_168' title='bbox 390 2186 473 2237; x_wconf 88' lang='lat' dir='ltr'><strong>super</strong></span> <span class='ocrx_word' id='word_1_169' title='bbox 483 2171 690 2225; x_wconf 87' lang='lat' dir='ltr'><strong>Demetriadem</strong></span> <span class='ocrx_word' id='word_1_170' title='bbox 712 2190 768 2242; x_wconf 74' lang='lat' dir='ltr'><strong>prol</strong></span> 
     </span>
     <span class='ocr_line' id='line_1_30' title="bbox 92 2242 768 2311; baseline 0.003 -18"><span class='ocrx_word' id='word_1_171' title='bbox 92 2256 140 2293; x_wconf 92' lang='lat' dir='ltr'><strong>um</strong></span> <span class='ocrx_word' id='word_1_172' title='bbox 151 2245 194 2293; x_wconf 90' lang='lat' dir='ltr'><strong>est</strong></span> <span class='ocrx_word' id='word_1_173' title='bbox 206 2246 411 2305; x_wconf 89' lang='lat' dir='ltr'><strong>peropportune</strong></span> <span class='ocrx_word' id='word_1_174' title='bbox 423 2242 573 2307; x_wconf 85' lang='lat' dir='ltr'><strong>obiectum)</strong></span> <span class='ocrx_word' id='word_1_175' title='bbox 594 2249 635 2304; x_wconf 92' lang='lat' dir='ltr'><strong>ut,</strong></span> <span class='ocrx_word' id='word_1_176' title='bbox 652 2246 677 2294; x_wconf 91' lang='lat' dir='ltr'><strong>si</strong></span> <span class='ocrx_word' id='word_1_177' title='bbox 688 2245 768 2311; x_wconf 83' lang='lat' dir='ltr'><strong>quid:</strong></span> 
     </span>
     <span class='ocr_line' id='line_1_31' title="bbox 91 2310 768 2379; baseline 0.003 -17"><span class='ocrx_word' id='word_1_178' title='bbox 91 2315 191 2362; x_wconf 83' lang='lat' dir='ltr'><strong>vorent</strong></span> <span class='ocrx_word' id='word_1_179' title='bbox 200 2310 385 2361; x_wconf 90' lang='lat' dir='ltr'><strong>Macedonum</strong></span> <span class='ocrx_word' id='word_1_180' title='bbox 398 2326 490 2375; x_wconf 75' lang='lat' dir='ltr'><strong>neves,</strong></span> <span class='ocrx_word' id='word_1_181' title='bbox 501 2313 529 2363; x_wconf 88' lang='lat' dir='ltr'><strong>in</strong></span> <span class='ocrx_word' id='word_1_182' title='bbox 541 2313 682 2379; x_wconf 80' lang='lat' dir='ltr'><strong>praesidio</strong></span> <span class='ocrx_word' id='word_1_183' title='bbox 705 2330 768 2366; x_wconf 84' lang='lat' dir='ltr'><strong>esse</strong></span> 
     </span>
     <span class='ocr_line' id='line_1_32' title="bbox 91 2378 768 2449; baseline 0.001 -15"><span class='ocrx_word' id='word_1_184' title='bbox 91 2379 211 2434; x_wconf 84' lang='lat' dir='ltr'><strong>raclides</strong></span> <span class='ocrx_word' id='word_1_185' title='bbox 223 2378 379 2446; x_wconf 83' lang='lat' dir='ltr'><strong>praefectus</strong></span> <span class='ocrx_word' id='word_1_186' title='bbox 390 2383 483 2449; x_wconf 85' lang='lat' dir='ltr'><strong>regius</strong></span> <span class='ocrx_word' id='word_1_187' title='bbox 494 2383 612 2435; x_wconf 83' lang='lat' dir='ltr'><strong>classem</strong></span> <span class='ocrx_word' id='word_1_188' title='bbox 623 2384 664 2435; x_wconf 91' lang='lat' dir='ltr'><strong>ibi</strong></span> <span class='ocrx_word' id='word_1_189' title='bbox 675 2386 768 2437; x_wconf 69' lang='lat' dir='ltr'><strong>tenebo</strong></span> 
     </span>
     <span class='ocr_line' id='line_1_33' title="bbox 92 2450 766 2520; baseline 0.004 -19"><span class='ocrx_word' id='word_1_190' title='bbox 92 2465 142 2518; x_wconf 88' lang='lat' dir='ltr'><strong>per</strong></span> <span class='ocrx_word' id='word_1_191' title='bbox 153 2450 337 2513; x_wconf 87' lang='lat' dir='ltr'><strong>occasionem,</strong></span> <span class='ocrx_word' id='word_1_192' title='bbox 346 2451 370 2501; x_wconf 88' lang='lat' dir='ltr'><strong>si</strong></span> <span class='ocrx_word' id='word_1_193' title='bbox 382 2467 463 2518; x_wconf 86' lang='lat' dir='ltr'><strong>quam</strong></span> <span class='ocrx_word' id='word_1_194' title='bbox 484 2454 659 2520; x_wconf 86' lang='lat' dir='ltr'><strong>negligentia</strong></span> <span class='ocrx_word' id='word_1_195' title='bbox 673 2453 766 2505; x_wconf 88' lang='lat' dir='ltr'><strong>hostin</strong></span> 
     </span>
     <span class='ocr_line' id='line_1_34' title="bbox 92 2521 767 2591; baseline 0.007 -21"><span class='ocrx_word' id='word_1_196' title='bbox 92 2526 145 2582; x_wconf 85' lang='lat' dir='ltr'><strong>set,</strong></span> <span class='ocrx_word' id='word_1_197' title='bbox 152 2535 233 2586; x_wconf 91' lang='lat' dir='ltr'><strong>quam</strong></span> <span class='ocrx_word' id='word_1_198' title='bbox 244 2530 342 2586; x_wconf 88' lang='lat' dir='ltr'><strong>aperta</strong></span> <span class='ocrx_word' id='word_1_199' title='bbox 353 2521 379 2570; x_wconf 78' lang='lat' dir='ltr'><strong>vi</strong></span> <span class='ocrx_word' id='word_1_200' title='bbox 389 2523 533 2591; x_wconf 85' lang='lat' dir='ltr'><strong>quicquam</strong></span> <span class='ocrx_word' id='word_1_201' title='bbox 546 2540 672 2575; x_wconf 86' lang='lat' dir='ltr'><strong>ausurus.</strong></span> <span class='ocrx_word' id='word_1_202' title='bbox 685 2526 767 2576; x_wconf 82' lang='lat' dir='ltr'><strong>Orenr</strong></span> 
     </span>
     <span class='ocr_line' id='line_1_35' title="bbox 92 2590 768 2659; baseline 0.004 -19"><span class='ocrx_word' id='word_1_203' title='bbox 92 2590 211 2641; x_wconf 87' lang='lat' dir='ltr'><strong>Romani</strong></span> <span class='ocrx_word' id='word_1_204' title='bbox 223 2598 251 2642; x_wconf 90' lang='lat' dir='ltr'><strong>et</strong></span> <span class='ocrx_word' id='word_1_205' title='bbox 270 2606 310 2642; x_wconf 76' lang='lat' dir='ltr'><strong>‘ex</strong></span> <span class='ocrx_word' id='word_1_206' title='bbox 321 2593 431 2642; x_wconf 84' lang='lat' dir='ltr'><strong>Attalns</strong></span> <span class='ocrx_word' id='word_1_207' title='bbox 443 2597 651 2659; x_wconf 79' lang='lat' dir='ltr'><strong>oppugnabunt:</strong></span> <span class='ocrx_word' id='word_1_208' title='bbox 671 2597 768 2646; x_wconf 76' lang='lat' dir='ltr'><strong>Romal</strong></span> 
     </span>
     <span class='ocr_line' id='line_1_36' title="bbox 92 2661 768 2727; baseline 0.006 -16"><span class='ocrx_word' id='word_1_209' title='bbox 92 2661 189 2712; x_wconf 82' lang='lat' dir='ltr'><strong>ritima</strong></span> <span class='ocrx_word' id='word_1_210' title='bbox 200 2677 272 2722; x_wconf 84' lang='lat' dir='ltr'><strong>arce,</strong></span> <span class='ocrx_word' id='word_1_211' title='bbox 293 2663 365 2727; x_wconf 83' lang='lat' dir='ltr'><strong>regii</strong></span> <span class='ocrx_word' id='word_1_212' title='bbox 379 2663 509 2714; x_wconf 77' lang='lat' dir='ltr'><strong>adversus</strong></span> <span class='ocrx_word' id='word_1_213' title='bbox 520 2666 621 2717; x_wconf 72' lang='lat' dir='ltr'><strong>vallem</strong></span> <span class='ocrx_word' id='word_1_214' title='bbox 634 2667 706 2717; x_wconf 85' lang='lat' dir='ltr'><strong>inter</strong></span> <span class='ocrx_word' id='word_1_215' title='bbox 719 2667 768 2716; x_wconf 83' lang='lat' dir='ltr'><strong>duo</strong></span> 
     </span>
     <span class='ocr_line' id='line_1_37' title="bbox 85 2734 765 2804; baseline 0.019 -31"><span class='ocrx_word' id='word_1_216' title='bbox 85 2738 245 2792; x_wconf 70' lang='lat' dir='ltr'><strong>temones,</strong></span> <span class='ocrx_word' id='word_1_217' title='bbox 260 2747 312 2796; x_wconf 83' lang='lat' dir='ltr'><strong>qna</strong></span> <span class='ocrx_word' id='word_1_218' title='bbox 326 2738 353 2782; x_wconf 82' lang='lat' dir='ltr'><strong>et</strong></span> <span class='ocrx_word' id='word_1_219' title='bbox 365 2748 444 2784; x_wconf 76' lang='lat' dir='ltr'><strong>niuno</strong></span> <span class='ocrx_word' id='word_1_220' title='bbox 460 2734 635 2804; x_wconf 84' lang='lat' dir='ltr'><strong>intersaepta</strong></span> <span class='ocrx_word' id='word_1_221' title='bbox 645 2738 711 2787; x_wconf 80' lang='lat' dir='ltr'><strong>urbs</strong></span> <span class='ocrx_word' id='word_1_222' title='bbox 723 2744 765 2788; x_wconf 86' lang='lat' dir='ltr'><strong>est</strong></span> 
     </span>
    </p>

    <p class='ocr_par' dir='ltr' id='par_1_5' title="bbox 64 2790 768 2877">
     <span class='ocr_line' id='line_1_38' title="bbox 64 2790 768 2877; baseline 0.014 -32"><span class='ocrx_word' id='word_1_223' title='bbox 64 2790 132 2841; x_wconf 75' lang='lat' dir='ltr'><strong>loca</strong></span> <span class='ocrx_word' id='word_1_224' title='bbox 145 2797 272 2863; x_wconf 69' lang='lat' dir='ltr'><strong>dr&#39;rersa,</strong></span> <span class='ocrx_word' id='word_1_225' title='bbox 284 2802 330 2853; x_wconf 79' lang='lat' dir='ltr'><strong>sic</strong></span> <span class='ocrx_word' id='word_1_226' title='bbox 347 2804 455 2873; x_wconf 80' lang='lat' dir='ltr'><strong>dispari</strong></span> <span class='ocrx_word' id='word_1_227' title='bbox 478 2809 567 2862; x_wconf 91' lang='lat' dir='ltr'><strong>modo</strong></span> <span class='ocrx_word' id='word_1_228' title='bbox 591 2810 678 2863; x_wconf 83' lang='lat' dir='ltr'><strong>etiam</strong></span> <span class='ocrx_word' id='word_1_229' title='bbox 699 2823 768 2877; x_wconf 68' lang='lat' dir='ltr'><strong>oppa</strong></span> 
     </span>
    </p>
   </div>
   <div class='ocr_carea' id='block_1_3' title="bbox 0 0 928 2962">
    <p class='ocr_par' dir='ltr' id='par_1_6' title="bbox 0 0 928 2962">
     <span class='ocr_line' id='line_1_39' title="bbox 0 0 928 2962; baseline 0 0"><span class='ocrx_word' id='word_1_230' title='bbox 0 0 928 2962; x_wconf 95' lang='lat' dir='ltr'><strong> </strong></span> 
     </span>
    </p>
   </div>
  </div>
 </body>
</html>
