1838 2954
76 39 161 49 .....
172 39 338 50 ......,....
351 39 640 66 L...............3,..J
659 39 710 49 ....

46 112 82 159 .o,
92 94 232 163 Ephesum
244 98 393 150 redierunt.
421 99 546 150 lsidorus
556 100 590 149 ab
602 98 712 148 Cenaeo

20 164 124 229 audem,
135 168 160 218 si
168 167 242 218 forte
254 182 288 219 eo
300 168 423 221 deferret
434 168 500 235 iuga
512 183 615 236 regem,
629 167 715 217 traie-

9 251 23 287 r
34 235 150 287 eosdem
162 236 222 289 dies
231 239 263 289 A.
274 238 387 300 Atilius,
399 239 558 303 praefectus
569 238 712 288 llontanae

9 320 142 371 magnos
152 307 246 374 regios
258 313 437 370 commeatus,
446 310 502 359 iam
513 307 624 367 fretum,
636 305 712 372 quod

9 390 77 427 rum
89 375 208 426 insulam
220 383 271 440 est,
283 384 498 442 praetervectos,
506 378 627 443 excepit:
640 375 712 426 alias

9 480 17 507 ‚
41 443 116 495 alias
129 447 204 511 cepit
215 460 306 497 nutes.
343 448 421 507 Quae
435 447 578 498 novissimi
594 445 712 511 agurinis

9 529 121 565 rursum
132 515 162 565 in
172 515 264 566 Asiam
277 522 427 568 verterunt.
445 517 546 568 Atilius
558 515 713 576 Piraeeum,

9 582 134 643 refectus
145 590 215 646 erat,
222 599 284 635 eum
296 586 407 652 agmine
418 587 591 652 captivarum
601 584 714 635 navium

9 668 50 715 rs,
70 668 200 721 magnam
210 654 267 703 vim
279 653 410 707 frumenti
421 662 450 707 et
460 654 674 709 Atheniensibus
684 657 715 704 et

9 721 111 775 usdem
122 723 244 789 regionis
256 726 340 775 sociis
350 726 452 778 divisit.

9 793 38 844 .l.
58 792 217 854 Antiochus,
227 793 277 843 sub
289 795 437 846 adventum
448 794 569 845 consulis
579 809 597 843 a
607 791 715 842 chaler-

10 861 117 924 lectus‚
141 863 248 915 Tenum
264 865 353 929 primo
373 865 474 914 tenuit:
493 862 559 913 inde
574 860 714 926 Ephesum
773 916 776 923 ¹

9 931 78 983 risit.
115 931 230 983 consuli
240 932 401 984 Chalcidem
415 932 539 984 venienti
555 936 654 995 portae
669 944 716 993 pa·

12 1006 36 1063 t,
47 1015 141 1067 quum,
151 1004 390 1069 appropinquante
401 1016 444 1064 eo,
456 998 630 1057 Aristoteles,
641 1011 716 1063 pruo-

11 1070 103 1135 regis,
125 1073 193 1123 urbe
204 1074 376 1125 excessisset.
411 1072 449 1123 Et
467 1077 577 1122 ceterae
591 1067 673 1118 urbes
689 1068 715 1115 iu

10 1140 100 1191 asine
112 1144 265 1193 certamine
276 1142 640 1209 traditae‚postpaueosque
648 1134 717 1195 dies,

9 1224 43 1261 us
54 1211 224 1277 perpacatis,
245 1212 304 1264 sine
314 1212 397 1263 ullius
408 1227 482 1264 noxa
491 1210 568 1263 urbis
580 1208 717 1262 exercitus

9 1279 118 1346 mpylas
129 1280 274 1349 reductus,
293 1282 382 1333 multo
398 1282 537 1333 modestia
553 1285 618 1345 post
632 1275 719 1327 victo·

15 1364 100 1415 quam
112 1350 174 1416 ipsa
183 1350 313 1415 victoria,
332 1351 512 1403 laudabilior.
546 1347 613 1400 lude
622 1344 719 1397 consul

9 1426 113 1479 torem,
134 1434 184 1485 per
194 1435 287 1485 quem,
308 1436 377 1486 quae
388 1427 468 1487 gesta
479 1423 585 1479 essent,
605 1419 720 1466 serratus

9 1504 92 1554 usque
100 1489 240 1540 Rstnranus
253 1488 325 1541 haud
337 1491 421 1542 dubio
434 1496 548 1541 auctore
558 1486 656 1545 sciret,
667 1483 721 1533 Ro·

9 1559 91 1608 misit.
127 1559 152 1609 ls
168 1575 185 1609 a
201 1560 305 1611 Creusa
320 1560 544 1626 (Thespiensium
566 1553 721 1622 emporium

9 1644 21 1677 ‚r
42 1626 142 1699 intimo
163 1629 225 1679 sinu
249 1629 424 1681 Corinthiaco
444 1628 607 1687 retractum)
622 1624 722 1675 Patras

9 1712 37 1748 te
48 1697 130 1762 petit:
153 1715 170 1749 a
181 1697 271 1749 Patris
283 1701 431 1766 Corcyram
443 1714 529 1764 usque
540 1694 667 1749 Aetoliae
678 1700 724 1743 at-

9 1768 154 1815 caruaniae
165 1765 250 1815 litora
261 1765 339 1830 legit,
351 1777 433 1830 atquo
443 1770 484 1815 ita
494 1767 530 1815 ad
541 1765 723 1831 Hydruntum

9 1850 18 1886 a
30 1834 149 1885 traiecit.
178 1835 283 1894 Quinto
295 1834 338 1885 die
350 1835 412 1885 inde
424 1833 548 1898 pedestri
559 1834 659 1885 itinere
670 1833 724 1883 llo·

9 1904 110 1970 ingenti
126 1920 208 1954 cursu
223 1906 357 1971 persenit.
393 1906 463 1955 Ante
478 1904 567 1954 lucem
581 1904 724 1971 ingressus

9 1990 29 2035 ι,
52 1989 69 2024 a
80 1981 162 2040 porta
172 1974 208 2026 ad
225 1980 380 2041 praetorem
392 1973 431 2023 Μ.
444 1972 549 2023 lunium
566 1975 620 2025 iter
635 1974 726 2022 inten·

9 2043 32 2094 ls
44 2046 134 2110 prima
145 2044 206 2096 luce
216 2051 342 2096 senatum
353 2042 471 2093 vocarit.
508 2042 568 2103 Quo
580 2043 613 2093 L.
624 2044 725 2091 Corne·

9 2114 93 2180 cipio,
116 2114 223 2180 aliquot
235 2114 332 2165 diebus
348 2121 412 2165 ante
428 2128 444 2162 a
459 2113 572 2164 consule
588 2108 727 2160 dimissus·

20 2184 169 2241 adveniens
186 2185 323 2245 audisset,
346 2198 537 2249 praegressum
550 2182 682 2231 Catonem
698 2173 726 2223 in

9 2269 102 2314 resse,
117 2255 275 2320 supervenit
287 2253 521 2318 exponenti‚quae
533 2255 613 2315 gesta
624 2249 727 2295 essent.

12 2322 65 2374 nde
76 2323 165 2389 legati
176 2325 251 2375 iussu
262 2331 374 2374 senatus
386 2321 578 2372 incensionem
590 2319 654 2366 sunt
666 2328 727 2378 pro·

9 2411 13 2437 ,·
32 2400 116 2459 atque
128 2394 167 2446 ihi
180 2394 295 2459 eadem,
308 2411 380 2466 quae
390 2394 424 2447 in
432 2396 553 2449 senatu,
570 2382 749 2438 uenenum

9 2477 23 2512 a
32 2466 126 2530 gestis
137 2479 351 2539 exposuerunt.
388 2460 577 2535 Supplicat'xu
589 2453 789 2533 'unhu'phw-

9 2542 103 2606 ²⁶³&
138 2550 171 2596 tt
196 2552 227 2601 ut
253 2545 467 2620 quadraginta
481 2533 606 2590 hostius
621 2516 789 2583 maturatae*-
