1838 2954
11 88 786 163 ms.xxxvncrnlaas.[u.c.5c1.u.c.191.]2ra

419 170 784 184 ——ss-

2 207 3 210 ’
69 196 114 255 Ah
126 196 270 249 Limnaeo
278 196 451 249 Pellinaeum
472 198 571 262 consul
591 200 786 265 proficiscitur.

28 266 115 334 primi
125 264 299 319 Athamanes
310 266 486 319 tradiderunt
496 284 565 329 sese,
578 268 678 320 deinde
690 267 787 319 ctPhi-

58 335 350 405 <Megalopolitanus
386 338 452 399 cui,
476 338 619 391 decedenti
632 338 667 390 tie
684 339 787 404 proesi-

22 431 23 442 ι
46 422 133 475 quum
147 406 249 457 obrius
259 405 332 459 forte
343 407 442 458 fuisset
451 406 594 473 Philippus
605 423 662 469 res,
673 407 709 459 ad
719 407 788 457 ludi-

25 490 66 527 um
77 491 179 543 regem
190 490 255 527 eum
267 477 438 528 consalutari
448 477 542 527 iussit:
554 478 614 542 ipse
624 492 788 543 congressus

14 567 39 588 4ι
51 560 111 609 em,
133 543 212 597 haud
223 558 291 597 sane
302 545 403 597 decoro
414 546 556 597 maiestati
566 562 633 597 sirac
645 548 722 609 ioco,
742 561 789 611 op-

20 612 104 667 lavit.
141 612 291 668 Deductus
308 615 372 668 inde
382 615 419 667 ad
431 615 571 666 consulem
583 616 719 666 custodiri
734 616 790 666 ius·

12 691 13 694 ’
35 720 42 747 ,
60 690 90 737 ct
99 682 178 737 haud
188 685 231 735 ita
242 683 332 735 multo
343 692 407 753 post
418 686 447 735 in
457 685 577 735 vinculis
589 686 706 736 Romam
723 686 790 735 mis·

21 785 22 788 =
72 754 177 807 cetera
186 754 339 807 multitudo
349 755 534 806 Athamanum
546 761 595 812 aut
604 754 725 805 militum
737 761 790 807 An-

13 833 15 842 ²
48 840 69 875 ιι
80 824 172 892 regis,
192 838 264 890 quae
280 823 310 874 in
325 824 474 891 praesidiis
489 824 649 876 deditorum
672 840 721 891 per
742 840 791 875 eos

27 927 33 934 ‹
63 893 233 961 oppidorum
253 892 360 957 iuerat,
381 894 509 961 Philippo
529 893 635 945 tradita
652 894 716 961 regi
739 902 790 945 est.

13 981 18 1028 ι,
28 977 71 1015 «re
82 968 180 1016 autem
191 962 228 1014 ad
249 964 306 1015 tria
325 964 415 1015 millia
436 963 587 1014 hominum.
624 964 727 1013 Consul
738 963 792 1013 lra-

43 1048 80 1083 :m
91 1037 136 1085 est
147 1031 303 1098 profectus,
325 1034 365 1085 ihi
377 1035 410 1084 de
421 1048 528 1083 summa
538 1031 605 1082 helli
619 1032 793 1082 consultatu-

10 1155 13 1162 ,
51 1102 82 1153 ln
92 1102 198 1153 itinere
208 1102 243 1152 ab
250 1102 342 1155 Pieria
351 1110 378 1155 et
385 1101 539 1166 Metropoli
548 1100 639 1166 legati
648 1100 792 1151 tradentes

30 1197 31 1210 ι
45 1195 60 1214 »Δ
76 1186 145 1223 suas
157 1178 346 1223 occurrerunt.
358 1169 702 1237 l'hilippns,Athamanum
714 1184 792 1235 prae-

16 1277 17 1281 η
33 1240 198 1309 acceptivis
209 1240 386 1307 indulgenter
398 1240 513 1301 habitis,
535 1246 567 1289 ut
577 1254 628 1305 per
638 1254 687 1292 eos
702 1239 792 1289 comi·

10 1374 12 1376 ,
47 1347 50 1354 ·
77 1316 206 1381 gentem,
227 1318 326 1363 nactus
339 1326 417 1377 spem
431 1309 615 1363 Athamaniae
629 1309 792 1377 potiundae,

10 1443 12 1450 s
29 1403 38 1424 ι
50 1380 136 1433 eitum
147 1378 286 1442 coauxit,
305 1381 465 1446 praemissis
477 1381 503 1430 in
521 1380 650 1432 civitates
667 1379 793 1445 captivis.

10 1469 13 1482 ¹
34 1450 75 1501 illi
84 1465 217 1516 magnam
229 1451 427 1503 auctoritatem
439 1451 512 1517 apud
524 1450 673 1516 populares
691 1449 792 1499 hahue-

4 1558 5 1562 ,
28 1526 68 1585 ιι,
84 1519 263 1573 elementiam
286 1535 354 1588 erga
375 1537 405 1572 se
427 1520 501 1587 regis
523 1519 793 1582 nrurrihccntiamque

13 1587 250 1643 inmemorantes:
280 1596 308 1642 et
328 1591 519 1658 Amynander,
540 1590 617 1640 cuius
639 1587 793 1653 praesentis

6 1651 10 1668 ¹
23 1660 119 1712 iestus
130 1661 240 1727 aliquos
251 1660 280 1710 in
292 1660 346 1711 ilde
358 1656 556 1721 continuisset,
576 1658 727 1708 veritusne
739 1663 794 1705 tra·

17 1765 19 1772 ι
52 1736 99 1781 tur
109 1728 239 1797 Philippo
252 1730 310 1781 iam
323 1730 429 1795 pridem
441 1728 531 1789 hosti,
555 1735 583 1778 et
593 1728 728 1778 Romanis
740 1743 795 1776 mo-

6 1797 44 1851 'io
53 1808 119 1851 tunc
130 1808 246 1868 propter
256 1800 441 1852 deiectionem
454 1797 581 1859 infensis,
603 1814 663 1848 curn
676 1799 795 1863 corringe

32 1868 127 1922 liheris
138 1885 225 1937 regno
238 1871 372 1931 excessit,
383 1868 615 1934 Ambraciamque
625 1883 655 1919 se
667 1868 795 1919 eontulit.

5 1939 213 1992 aAthamania
234 1941 322 1990 omnis
342 1941 373 1990 in
395 1940 438 1989 ius
460 1938 651 2004 ditionemque
671 1937 796 2003 Philippi

3 2010 137 2061 nccssit.
174 2010 292 2072 Consul,
313 2009 348 2060 ad
362 2008 513 2061 relieiendo
528 2009 648 2058 maxime
663 2009 796 2064 iumenta,

0 2107 4 2134 ς
29 2094 61 2131 ae
77 2085 107 2131 et
121 2079 315 2146 navigatione,
336 2085 365 2130 ct
387 2085 486 2145 postea
505 2079 654 2130 itineribus
675 2079 797 2145 fatigata

3 2171 12 2192 a
24 2156 77 2211 ant,
89 2165 194 2217 paucos
205 2148 337 2201 Larissae
347 2155 473 2200 moratus
485 2148 560 2210 dies,
572 2149 651 2200 velut
661 2153 795 2201 renovato

21 2219 103 2272 edica
124 2223 217 2286 quiete
238 2220 363 2272 exercitu
385 2221 539 2270 cranonem
560 2226 602 2271 est
623 2230 795 2286 progressus.

8 2288 120 2343 enicnti
131 2290 291 2351 Pharsalus,
302 2289 449 2349 Scotussa,
461 2295 490 2340 et
500 2288 620 2349 Pherae,
632 2302 756 2354 quaeque
768 2285 796 2331 in

5 2357 176 2427 inpraesislia
186 2359 315 2411 Antiochi
328 2366 415 2421 erant,
427 2359 575 2410 deduntur.
611 2360 654 2408 llx
664 2358 699 2407 iis
711 2356 795 2402 inter-

15 2432 110 2497 =gatis,
131 2430 180 2498 qui
199 2445 310 2482 manere
326 2444 421 2483 secum
437 2429 554 2489 vellent,
576 2426 654 2477 mille
669 2423 795 2472 volentes

1 2496 116 2582 ,ΙιίΙίῙιιιο
137 2498 239 2551 tradit:
261 2507 370 2553 ceteros
392 2501 512 2551 inermes
527 2493 735 2574 Demetriadem
756 2505 798 2539 re·

35 2642 72 2692 lla
82 2648 169 2692 erant,
204 2640 317 2693 Ducere
328 2648 387 2693 tum
400 2656 489 2711 porro
502 2640 535 2693 iu
554 2632 825 2689 sincinnium-scum

16 2710 44 2756 a:
55 2708 120 2758 [Δγ.
137 2710 206 2759 Tou.
218 2708 265 2761 Ν,
585 2709 610 2766 S
