1844 2962
64 116 263 175 Linxxxl.
276 118 459 174 cinae-as.
475 122 769 193 [aasumensi]
792 126 826 179 aa

29 203 825 225 Ἣ,

29 234 101 287 'terete
122 248 210 294 nunc,
230 230 367 282 aviditate
379 230 471 283 caedis
486 233 717 297 intemperantius
728 236 826 298 secuti,

29 316 241 371 rpraegressas
254 314 317 351 cum
325 299 446 351 tribunis
456 300 575 351 militum
589 301 717 354 cohortes
724 303 825 354 liuma-

29 389 61 425 ns
73 373 218 425 incidere:
231 378 263 422 et
272 368 383 436 fugiens
390 385 480 436 eques,
492 372 826 439 utprimusignasuurum

29 443 93 506 idit,
115 441 262 493 convertit
272 439 303 489 in
313 438 430 490 effusum
446 438 554 491 hostem
569 456 668 507 equos:
687 457 823 509 versaque

29 516 157 565 lomento
173 508 313 575 temporis
324 508 437 559 fortuna
447 524 555 574 pugnae
565 518 621 573 est,
639 518 721 577 terga
732 512 822 563 danti-

29 598 72 645 ns,
83 582 136 649 qui
145 578 237 631 modu
249 578 337 629 secuti
348 584 436 629 erant.
462 578 546 628 Multi
560 580 684 631 cominus
695 594 823 647 congres-

29 650 47 714 i,
57 651 144 701 multi
153 649 299 716 fugientes
309 645 460 699 interfecti.
488 646 548 699 Nec
557 647 632 700 ferro
643 656 749 699 tantum
762 666 823 716 per·

29 736 78 784 ere,
90 720 144 773 sed
161 719 193 769 in
204 716 321 785 paludes
332 716 444 783 quidam
456 717 585 779 coniecti,
605 718 742 783 profundo
755 720 822 771 limo

29 806 73 841 um
85 788 162 857 ipsis
174 787 254 854 equis
263 783 356 837 hausti
365 791 438 839 sunt.
466 787 527 838 Rex
538 802 647 853 quoquc
658 789 687 838 in
697 790 822 854 periculo

29 859 79 911 'aits
99 874 180 920 nam,
201 861 300 907 ruente
311 856 405 907 saucio
417 871 497 922 equo,
518 871 651 923 praeceps
671 858 707 907 ad
719 864 823 910 terram

29 928 105 991 latus,
116 926 199 979 haud
211 925 328 975 multum
340 925 443 986 abluit,
464 926 532 991 quin
550 926 644 977 iacens
656 927 824 994 opprimere·

31 1014 68 1050 ur.
106 996 205 1049 Saluti
214 994 270 1045 fuit
281 1010 379 1061 eques,
395 995 443 1061 qui
451 996 554 1060 raptim
565 996 624 1062 ipse
635 995 762 1059 desiluit,
778 1012 824 1063 pa-

29 1068 166 1134 idumqne
177 1079 274 1133 regem
284 1064 311 1114 in
323 1080 421 1131 equum
432 1063 560 1115 subiecit.
596 1064 667 1129 lpse,
683 1080 766 1129 quum
778 1080 825 1131 pe·

29 1136 63 1189 les
75 1151 200 1202 aequare
212 1148 294 1187 cursu
309 1133 450 1202 fugientes
469 1148 525 1184 non
535 1140 631 1198 posset
642 1134 766 1199 equites,
790 1135 824 1185 ab

29 1206 149 1257 restibus
170 1204 206 1256 ad
218 1219 311 1255 casum
321 1205 395 1271 regis
408 1203 556 1254 concitatis
575 1200 722 1254 confussus
731 1203 823 1270 periit.

29 1277 85 1339 lex,
96 1275 300 1327 circumuectus
311 1274 426 1339 paludes
436 1273 546 1340 pemias
557 1273 700 1341 inviasque
716 1273 826 1339 trepida

29 1344 102 1413 fuga,
111 1347 142 1397 in
154 1351 250 1397 castra
260 1344 371 1395 tandem
378 1380 386 1407 ,
396 1344 453 1395 iam
464 1343 674 1409 desperantibus
686 1344 825 1409 plerisque

29 1415 189 1467 nculumem
200 1414 495 1480 evasurumpervcnit.
515 1414 635 1465 {lucenti
641 1413 825 1464 Macedonum

29 1483 130 1551 equites
142 1500 177 1536 eu
188 1484 297 1551 praelio
309 1485 424 1549 periere,
436 1488 546 1535 centum
557 1483 741 1547 fermecapti3
752 1488 826 1530 octo-

29 1554 98 1621 ginta
108 1553 261 1606 admodum
274 1554 366 1604 ornati
380 1553 454 1619 equi,
475 1552 574 1619 spoliis
586 1552 669 1601 simul
685 1563 825 1601 armorum

29 1625 128 1685 ¹elatis,
144 1623 269 1675 abducti.

70 1692 231 1745 XXXVlll.
252 1691 388 1750 Fuerunt,
409 1690 453 1755 qui
475 1685 528 1738 hoc
548 1687 594 1739 die
609 1700 702 1753 regem
715 1688 825 1739 temeri-

29 1765 95 1824 atis,
109 1762 254 1812 consulem
265 1760 401 1823 segnitiae
412 1763 583 1808 accusarent.
604 1757 673 1808 Nam
687 1762 714 1808 et
723 1757 826 1823 Philip·

29 1849 55 1883 »υ
68 1829 268 1898 quiescendum
278 1829 371 1890 fuisse,
388 1843 468 1894 quum
489 1828 585 1893 paucis
607 1827 704 1878 diebus
723 1826 826 1888 hostes,

29 1900 159 1952 exhausto
172 1900 248 1950 cirea
259 1898 332 1949 omni
344 1912 419 1963 agra,
443 1896 477 1947 ad
489 1898 618 1948 ultimum
635 1897 746 1962 inopiae
762 1913 825 1947 ven·

29 1986 99 2021 :urus
112 1970 214 2021 sciret:
228 1973 257 2019 et
268 1968 418 2027 consulem,
435 1982 517 2033 quum
533 1968 690 2033 equitatum
702 1966 825 2017 hostium

32 2055 166 2106 eremque
176 2043 348 2089 armaturam
358 2036 486 2098 fudisset,
496 2052 617 2102 acprope
628 2050 721 2103 regern
734 2037 826 2101 ipsum

29 2110 148 2175 *epissct,
157 2109 285 2174 protinus
297 2106 332 2157 ad
345 2106 564 2158 castralmstium
577 2107 676 2157 ducere
688 2106 826 2157 debuisse,

29 2180 78 2230 lec
89 2179 165 2229 enim
178 2192 324 2227 mansuros
345 2177 385 2226 ita
395 2176 536 2241 perculsos
547 2174 642 2226 hostes
662 2174 758 2235 fnisse,
782 2173 826 2224 dc·

29 2249 179 2313 ›ellariquc
197 2252 338 2297 momento
359 2246 495 2311 temporis
519 2247 653 2311 potuisse.
689 2244 719 2294 ld
742 2243 827 2300 dictu,

29 2334 104 2384 quam
117 2333 157 2380 rc,
169 2321 200 2366 ut
211 2317 351 2382 pleraque,
363 2314 473 2365 facilius
485 2322 553 2367 erat.
572 2316 653 2375 Nam,
664 2313 687 2363 si
698 2312 826 2363 omnibus

29 2388 147 2452 pediturn
159 2400 269 2452 qunque
281 2386 365 2452 copiis
378 2400 425 2436 rex
440 2399 604 2451 congressus
616 2384 729 2442 fuisset,
746 2376 827 2428 forsi-

29 2466 70 2507 tan
83 2458 159 2507 inter
169 2456 328 2517 tumultum,
346 2470 426 2521 quum
439 2468 532 2505 omnes
547 2454 613 2503 vieti
624 2458 754 2513 metuque
766 2460 826 2509 per-

29 2527 94 2576 culsi
106 2541 141 2577 ex
153 2526 263 2591 proclia
274 2525 347 2575 intra
358 2525 473 2585 vallum,
498 2524 624 2588 protinus
646 2518 710 2569 inde
732 2530 827 2593 super:

29 2596 172 2647 radentem
185 2594 492 2646 munimentaa'icturem
499 2592 607 2642 hostem
618 2588 756 2654 fugerent,
762 2599 831 2637 exui

29 2665 124 2717 :astris
137 2666 262 2732 potuerit
271 2679 328 2715 rer,
358 2663 445 2725 Quum
457 2677 525 2715 reru
537 2662 670 2732 integrae
681 2658 783 2732 copiae
792 2670 843 2725 pt·

864 2798 884 2894 t
