1838 2954
9 116 11 125 .
24 70 132 127 xxxi.
145 75 221 129 Cle.
232 74 276 127 ⁴0.
287 72 330 130 41.
346 72 636 145 m.c.552.n.0.200.]
653 80 688 135 43

8 194 15 227 ι
27 177 153 228 abducti.
181 178 208 229 le
218 179 306 229 timor
317 193 420 240 omnes,
431 182 476 246 qui
488 181 689 233 circumcolunt

9 245 147 313 paludem,
168 247 276 299 relictis
287 248 407 311 urbibus,
418 256 527 301 montes
539 252 632 317 coegit
643 264 690 315 pe-

9 316 78 379 =toli,
89 315 187 382 inopia
197 316 318 383 praedae
328 317 393 368 inde
405 319 504 380 aversi,
516 320 545 369 in
555 318 689 370 Perrhae·

19 393 154 453 pergunt.
191 387 320 453 Cyretias
340 387 381 437 ibi
400 388 429 437 vi
449 389 575 457 copiunt,
594 388 688 440 foede·

9 456 98 507 siunt:
119 457 166 523 qui
175 456 329 507 Malloeam
348 456 483 521 incolunt,
502 457 686 510 noluntatcin

9 541 54 578 em
76 527 298 592 societatemque
314 527 431 592 accepti.
467 527 511 577 Ex
520 526 689 579 Perrhaebia

10 612 26 647 s
37 595 152 661 petendi
161 595 340 662 Amynander
355 603 453 647 auctor
462 602 540 647 erut:
560 602 589 648 et
599 596 689 647 immi·

12 663 188 716 maniahuic
206 664 290 726 urbi,
310 664 513 731 videbaturque
534 666 690 733 expugnari

10 748 58 800 ,mo
69 734 221 785 certamine
229 748 321 801 posse.
339 734 432 786 Aetoli
444 749 558 803 campos
570 735 690 787 'l'hesco-

10 817 63 854 nos
73 802 247 868 adpraedam
255 805 689 871 petiere:scqueute,quanquam

10 878 97 935 sante,
107 873 297 939 Amynandro,
313 883 364 920 nec
375 870 478 923 effusas
493 874 689 938 populationes

10 957 58 1004 rm,
77 957 129 991 nec
139 946 247 1002 cestro,
267 952 321 1005 quo
333 938 391 990 lore
402 938 516 992 tulisset
527 941 610 1005 loco,
629 944 690 995 sine

10 1012 117 1063 :rimine
128 1024 160 1060 ac
171 1024 239 1061 cura
248 1007 399 1071 muniendi,
411 1009 513 1073 posite.
538 1010 644 1078 ltaque,
655 1026 691 1063 ne

10 1093 138 1132 iecorum
149 1079 377 1146 negligentiaque
398 1078 452 1128 sibi
471 1093 504 1129 oc
527 1080 585 1129 suis
605 1080 690 1131 ctiam

10 1149 107 1201 licuius
118 1154 299 1212 causaesset,
313 1162 396 1215 quum
408 1150 609 1215 campestribus
620 1150 690 1201 locis

10 1225 67 1272 ntes
88 1234 136 1272 cos
159 1217 390 1271 costruPhccado
411 1220 474 1270 urbi
493 1218 611 1283 videret,
630 1220 691 1286 ipse

10 1292 62 1341 lus
80 1290 250 1356 quingentos
264 1304 362 1357 passus
382 1288 445 1341 inde
464 1290 601 1341 tumulum
622 1290 691 1351 suis,

10 1359 83 1412 =levi
93 1360 263 1412 munimento
275 1365 375 1421 tutum,
387 1359 467 1425 cepit.
487 1360 579 1420 Quum
589 1359 691 1420 Aetoli,

10 1430 260 1496 dpopulobontur,
276 1430 323 1479 vix
342 1430 500 1480 meminisse
521 1429 691 1488 riderentur,

10 1501 92 1551 stium
105 1516 172 1567 agro
185 1516 258 1562 esse,
278 1500 327 1549 alii
340 1500 426 1564 palati
439 1500 599 1550 semiermes
610 1510 693 1559 unga·

21 1570 73 1620 alii
94 1572 121 1619 in
135 1571 235 1619 castris
246 1569 306 1618 sine
327 1569 494 1617 stationibus
506 1582 555 1631 per
567 1580 693 1616 corvinum

10 1640 108 1691 redies
120 1640 250 1687 noctibus
263 1644 426 1703 aequarent,
446 1636 590 1702 Philippus
607 1636 694 1701 inopi-

11 1708 155 1758 sndvenit.
193 1707 281 1765 Quen
303 1722 385 1771 quum
408 1707 504 1757 adesse
524 1708 693 1773 refugientes

11 1778 133 1845 :quidam
146 1775 239 1841 paridi
252 1778 434 1838 nuntiassent,
444 1778 693 1842 trepirlnrellomo-

11 1849 129 1912 eteriquc
142 1845 239 1895 duces:
253 1853 280 1895 et
291 1853 350 1896 erat
362 1846 620 1897 fortemeridienurn
629 1855 694 1896 tern-

28 1917 157 1983 pleriquc
169 1931 269 1980 graves
281 1917 343 1966 cibo
354 1917 436 1981 sopiti
452 1917 588 1967 iacebant.
616 1916 696 1965 liuci-
