1844 2962
93 299 129 350 or
236 299 269 350 r.
288 296 393 349 alvu
416 292 735 362 [scaranem]

94 411 163 454 atem
173 400 349 466 utipopulum
360 397 519 449 Rorrraoum.
553 397 670 448 Gratum
682 397 860 469 eumfacturr

95 479 123 523 et
133 467 249 530 senatui,
260 467 284 518 si
293 483 377 536 regno
387 466 478 519 Attali
488 464 634 526 adterimur,
641 465 758 530 deiloquo
769 465 860 531 adsim

94 536 218 602 Aequum
227 552 290 598 erse,
297 535 381 588 sorim
391 545 418 588 et
429 535 529 586 airricus
536 534 636 602 populi
640 532 757 586 Bouiani
765 551 845 604 reges
856 552 860 585 r

96 617 139 658 ter
150 622 178 657 se
190 622 293 672 quoque
303 604 374 672 ipsos
381 622 476 672 pacem
491 620 606 655 servare.

148 674 196 725 lX.
208 673 357 725 Consulem
367 676 401 726 Τ.
413 673 585 733 Quinctium,
604 671 645 721 ita
661 670 757 721 habito
774 671 860 723 dolect

95 752 127 794 ut
138 758 187 794 eos
202 743 261 794 iere
275 743 400 809 legeret,
421 743 467 807 qui
483 742 511 791 in
527 741 662 806 Hispania
673 747 723 790 aut
733 740 829 792 Africa
839 756 860 791 ru

95 813 216 864 ruissent
236 818 379 879 spectatae
388 811 499 860 virtutis
511 810 628 872 milites,
649 817 847 876 properantem

95 881 268 947 provinciam
278 880 407 947 prodigia
418 880 544 930 nuntiata
560 885 642 944 atquc
654 893 749 930 corum
766 894 860 945 procur

95 952 135 1002 tio
142 952 246 1002 Romae
257 956 414 1000 tenuerunt.
431 949 474 1000 De
487 949 565 999 coelo
575 955 652 1000 tacta
662 954 741 1000 erant
751 951 798 1000 via
808 948 860 1014 pul

95 1036 128 1071 ca
138 1021 230 1081 Veiis,
248 1019 340 1073 forum
351 1025 380 1070 et
389 1018 471 1070 aedes
480 1018 552 1069 lovis
563 1017 696 1080 Lanuvii,
706 1018 840 1069 Herculis
851 1032 860 1068 a

94 1089 144 1139 des
153 1089 275 1151 Ardeae,
294 1087 406 1154 Capuae
416 1102 509 1138 nrurus
520 1094 549 1139 ct
568 1093 660 1140 turres
671 1094 700 1140 et
710 1087 809 1151 aedes,
825 1103 860 1155 qu

94 1158 164 1210 Alba
185 1157 296 1209 dicitur.
332 1156 449 1208 coelum
469 1156 566 1209 ardere
585 1157 675 1208 risum
696 1163 758 1209 erat
776 1159 858 1209 Arrct

93 1237 170 1280 terra
179 1227 296 1280 Velitris
307 1226 391 1276 trium
402 1226 529 1292 iugerum
545 1226 636 1291 spatio
651 1241 770 1278 caverna
785 1226 860 1293 inger

95 1295 248 1349 desederat.
267 1294 385 1347 Suessae
394 1297 539 1347 Auruncae
549 1295 712 1346 nuntiabant
724 1310 825 1361 agnum
832 1312 860 1347 cu

94 1367 201 1418 duobus
213 1366 351 1431 capitibus
373 1371 481 1426 natum,
502 1370 530 1415 et
540 1362 687 1416 Sinuessae
704 1379 818 1430 porcum
832 1380 860 1416 cu

94 1433 214 1486 humano
225 1434 327 1500 capite.
362 1434 468 1483 Eorum
483 1431 674 1500 prodigiorum
692 1448 776 1484 causa
786 1449 858 1500 supp

95 1503 169 1554 catio
180 1517 264 1552 unum
276 1502 349 1552 diem
359 1499 465 1553 habita.
501 1503 538 1552 Et
549 1502 675 1554 consules
691 1503 775 1552 relius
791 1502 860 1553 diris

95 1586 207 1636 operam
219 1570 367 1631 dederunt;
390 1570 561 1636 placatisque
574 1570 641 1632 diis,
661 1566 780 1636 proiecti
792 1572 821 1622 in
834 1588 860 1638 pr

93 1640 197 1691 vincias
207 1645 279 1691 sunt.
315 1639 410 1690 delius
421 1655 481 1690 oum
493 1641 522 1690 C.
534 1639 636 1690 Helvio
648 1645 778 1705 praetore
789 1641 818 1691 in
828 1642 860 1692 Gr

94 1709 173 1760 liam:
193 1709 398 1775 exercitumque
409 1710 444 1761 ab
454 1709 487 1759 L.
498 1709 620 1760 Lentulo
632 1713 774 1775 acceptum
781 1743 791 1772 ,
812 1725 860 1776 qur

94 1779 235 1830 dimittere
248 1777 375 1840 debebat,
387 1778 510 1844 praetori
521 1777 651 1840 tradidit;
672 1778 733 1842 ipsc
753 1779 835 1830 noris
856 1779 860 1830 l

93 1849 237 1915 gionihus,
255 1863 324 1913 quas
334 1863 428 1899 secum
441 1846 611 1907 adduxerat,
631 1846 734 1898 bellum
748 1854 860 1913 gesturu

92 1932 181 1981 neque
200 1917 389 1967 memorabilis
414 1917 456 1968 rei
482 1917 629 1982 quicquam
652 1915 749 1984 gessit.
796 1917 834 1967 Et

94 1984 240 2045 Quinctius
252 1985 324 2036 altor
335 1986 430 2036 consul
439 1985 583 2046 maturius,
605 1999 685 2050 quam
697 1985 806 2050 priores
816 1985 860 2036 sol

94 2063 173 2104 erant
183 2054 320 2115 consules,
331 2070 348 2104 a
359 2053 507 2104 Brundisio
518 2068 600 2118 quum
611 2053 822 2115 transmisisset,
830 2055 860 2106 Cr

94 2137 190 2189 cyram
203 2123 293 2173 tenuit
303 2138 366 2172 cum
379 2130 442 2174 octo
454 2122 578 2172 millibus
594 2123 732 2186 peditum,
753 2123 860 2188 equitih

94 2192 272 2257 octingentis.
308 2193 347 2242 Ab
359 2194 482 2257 Corcyra
493 2191 521 2240 in
532 2191 659 2256 proxima
670 2192 749 2257 Epiri
761 2192 860 2258 quinqu

93 2260 163 2311 remi
172 2260 295 2311 traiecit:
308 2261 374 2311 etin
386 2266 478 2310 castra
489 2261 612 2310 Romana
623 2261 729 2328 magnis
746 2261 860 2313 itinerib

95 2328 249 2391 contendit,
260 2328 324 2379 inde
335 2329 423 2379 Villio
435 2327 558 2389 dimisso,
574 2344 676 2394 paucos
687 2337 813 2381 moratus
824 2330 860 2380 dir

95 2399 159 2448 dum
171 2413 201 2447 se
217 2399 313 2463 copiae
323 2398 358 2448 ab
371 2400 493 2462 Corcyra
505 2405 731 2463 assequerentur,
745 2399 860 2450 consilii

95 2467 204 2526 habuit,
226 2474 315 2517 utrum
328 2472 404 2519 recto
416 2466 515 2516 itinere
529 2481 578 2530 per
590 2473 682 2518 castra
700 2465 823 2518 hostium
839 2472 860 2519 ri

96 2537 185 2586 iacere
198 2545 354 2587 conaretur:
376 2551 425 2596 an,
441 2550 474 2584 ne
485 2541 594 2586 tentata
605 2535 714 2600 quidem
726 2552 756 2587 re
769 2538 842 2588 tanti
856 2539 860 2587 l

96 2606 170 2655 boris
182 2622 214 2656 ao
231 2605 360 2671 periculi,
380 2620 429 2668 per
439 2603 616 2654 Dassaretios
628 2605 719 2668 potius
731 2605 860 2672 Lycumq

96 2682 156 2726 tuto
169 2676 285 2724 circuitu
297 2673 488 2722 Macedoniam
506 2673 631 2723 intraret.
669 2673 845 2739 Vicissctque

81 2745 235 2804 sententia,
256 2744 285 2792 ni
296 2743 449 2804 timuisset,
461 2759 506 2802 ne,
517 2757 601 2808 quum
616 2757 635 2790 a
646 2742 718 2790 litari
730 2743 843 2806 longius
855 2760 860 2791 r

68 2810 213 2874 cessisset,
225 2814 317 2866 misso
332 2833 347 2869 e
357 2814 497 2867 manibus
507 2811 604 2875 husto,
613 2811 650 2873 si,
658 2809 735 2875 quod
744 2816 830 2859 antea
837 2809 860 2856 it
