1838 2954
13 39 186 63 numum
199 39 273 64 var·
285 39 309 65 ν.
322 39 363 66 uu.
376 39 674 84 pumannum-1094
685 39 737 70 ῠθι

11 122 74 169 rent
85 130 117 167 se
125 114 269 168 Romanis.
305 118 342 169 Et
353 117 468 170 Aetolos
482 119 512 171 G.
523 117 654 170 Valerius
665 119 736 172 Lae·

11 187 87 248 ilius,
98 185 145 251 qui
156 200 217 236 cum
229 200 263 238 ea
273 193 356 253 gente
366 187 486 255 primum
499 188 649 240 amicitiam
660 191 736 256 pepi·

11 295 15 319 ,
27 255 150 309 consulis
160 253 258 318 frater,
271 262 359 309 matre
370 258 482 324 genitus
494 258 603 320 eadem,
623 261 735 326 egregie

13 327 43 378 lt.
80 326 303 389 Ambracienses,
324 328 401 392 prius
416 328 506 394 pacti,
526 335 558 380 ut
573 328 736 380 Aetolorum

11 399 80 448 lares
92 395 151 447 sine
161 394 259 448 fraude
271 398 439 460 emitterent,
448 405 618 464 aperuerunt
629 405 735 466 portas.

11 465 117 527 Aetoli,
140 474 171 517 et
187 466 338 536 quingenta
353 467 479 520 Euboica
494 469 589 520 tarent
610 471 716 522 talenta
725 485 736 528 ,·

11 536 68 587 itus
80 535 196 588 docente
203 537 378 603 praesentia,
401 547 523 592 trecenta
530 555 583 605 per
593 553 678 591 annos
690 555 737 591 aex

11 605 98 658 initus
115 606 223 672 eequis:
243 607 366 674 captivos
382 609 572 681 perfitgasqoe
592 608 738 662 redderent

11 674 75 729 uee‘t:
96 674 188 727 etrlem
206 693 239 729 ne
254 691 334 742 quam
346 678 488 751 formulae
508 678 552 731 eei
573 677 644 730 iuris
657 678 738 750 foce·

11 761 77 814 puae
83 752 148 812 post
156 744 188 797 ἑά
197 753 309 813 tempus,
320 765 371 816 quo
385 748 417 801 T.
427 747 737 813 Quincties'treiece'seet

11 815 129 879 aeciam,
146 822 196 867 eut
207 816 234 867 ei
245 827 328 884 coptu
340 819 374 870 ab
386 817 519 868 Romanis
529 825 611 878 esset,
633 825 683 869 aut
692 834 736 870 so·

11 896 33 939 te
46 886 76 940 in
92 885 244 940 asnicitiam
258 888 385 939 censeret.-
405 882 582 953 Cephallenia
599 885 690 939 insuta
704 896 736 939 ut

14 956 59 1008 im
72 957 196 1027 foederis
207 965 283 1008 esset.
295 956 375 1006 llaec
385 967 542 1021 quanquam
552 969 602 1021 spe
611 954 736 1022 ipsorum

11 1029 71 1077 into
88 1024 198 1075 leviora
222 1028 317 1087 erant,
339 1025 500 1090 petentibus
511 1025 632 1086 Aetolis,
651 1031 683 1075 ut
701 1026 737 1075 ad

11 1096 75 1146 lium
87 1092 238 1156 referrent,
250 1095 415 1160 permissum
426 1099 477 1146 est.
501 1093 591 1146 Parva
601 1094 737 1161 discepta-

20 1165 136 1218 urbibus
146 1164 246 1217 tenuit.
265 1164 344 1228 Quae
356 1178 438 1231 quum
450 1166 492 1216 sui
502 1165 573 1217 iuris
584 1162 735 1232 aliquando

13 1241 59 1296 nt,
72 1233 162 1286 >avelli
173 1234 279 1286 reluta
291 1249 408 1303 corpore
423 1250 474 1287 suo
491 1250 575 1304 aegre
590 1235 736 1303 patieban-

15 1305 58 1358 Ad
69 1320 154 1355 unum
166 1310 260 1357 tamen
271 1321 367 1359 omnes
377 1306 467 1373 accipi
477 1321 574 1374 pacem
585 1307 735 1359 iusserunt.

11 1376 138 1429 acienses
153 1389 285 1428 eoronam
309 1391 423 1429 auream
443 1377 552 1428 consuli
574 1380 686 1429 centum
707 1379 736 1426 et

11 1445 233 1514 ¹uagiutapondo
245 1447 398 1499 dederunt:
421 1446 502 1514 signa
512 1460 602 1498 aenea
617 1458 736 1496 marmo-

11 1531 32 1568 .e
43 1522 73 1566 et
84 1515 196 1567 tabulae
208 1517 311 1581 pictae,
330 1519 431 1584 quibus
444 1517 571 1567 ornatior
580 1513 736 1576 Ambracia,

11 1586 131 1652 regiaibi
142 1583 243 1652 Pyrrhi
254 1586 365 1650 fuerat,
384 1602 468 1654 qnam
486 1591 596 1637 ceterae
612 1585 735 1651 regionis

11 1657 83 1706 urbes
100 1661 195 1718 erant,
215 1656 327 1709 sublata
346 1659 441 1708 omnia
461 1659 622 1720 avectaque.
660 1651 736 1704 Nihil

11 1741 77 1776 erca
88 1731 192 1776 tactum
201 1727 380 1779 violatumve

11 1792 168 1847 ‚Profectus
180 1796 213 1846 ab
219 1796 367 1847 Ambracia
377 1794 474 1847 consul
485 1797 512 1845 in
527 1794 736 1847 mediterranea

12 1867 55 1914 iae
61 1901 69 1927 ,
82 1865 117 1915 ad
129 1866 217 1933 Argos
228 1864 450 1934 Amphilochium
460 1864 572 1931 (viginti
582 1863 638 1925 duo
648 1864 736 1915 millia
767 1916 770 1922 ,

11 1935 120 1986 nbracia
130 1935 219 1995 abest)
232 1942 325 1987 castra
336 1935 439 2002 posuit.
472 1935 512 1984 Eo
525 1933 638 1985 tandem
647 1935 735 2001 legati

11 2005 33 2068 i,
43 2004 163 2057 mirante
176 2007 297 2067 consule,
309 2005 382 2071 quod
392 2009 733 2066 morarentur,venerurrt.

15 2080 162 2140 postquam
175 2075 344 2139 approbasse
357 2088 451 2138 paoem
464 2073 612 2124 concilium
623 2072 735 2125 Aetolo-

11 2144 126 2209 accepit‚
146 2144 229 2194 iussis
247 2143 386 2209 proficisci
402 2143 518 2194 Romam
540 2143 575 2194 ad
596 2147 734 2204 senatum,

11 2214 132 2279 imoque,
153 2218 185 2263 ut
197 2221 226 2264 et
236 2211 349 2274 Rhodii,
371 2218 401 2265 et
410 2212 592 2266 Athenienses
605 2212 734 2278 depreca-

14 2284 104 2347 irent,
128 2283 206 2344 dato,
229 2284 276 2351 qui
287 2283 369 2334 simul
380 2299 440 2335 cum
451 2285 487 2335 iis
504 2282 736 2350 proficisceretur,

11 2352 95 2405 alerio
115 2351 219 2416 fratre,
249 2354 309 2419 ipse
330 2354 359 2403 in
381 2353 587 2421 Cephalleniam
613 2351 736 2401 traiecit.

11 2427 148 2489 ›ccupatas
169 2436 252 2476 auras
275 2424 444 2496 animosque
461 2423 627 2491 principum
635 2417 758 2465 nemas

11 2492 82 2542 ribus
91 2490 218 2562 Philippi
230 2496 428 2564 invenerunt3
438 2497 502 2567 qui,
509 2507 563 2560 per
570 2489 779 2553 legatum&

11 2593 18 2617 ,
34 2559 184 2630 Dolopas,
206 2566 516 2642 Amphilochosque,
537 2569 571 2616 ct
583 2549 798 2611 auxumam
