1838 2954
248 39 570 98 Barnosthenemmone
581 39 625 81 eet
639 39 733 83 decem
755 39 848 81 mutin
866 44 870 97 1

249 99 471 162 Lacedaemone)
481 101 628 166 promovit.
663 101 700 151 Et
711 99 809 163 Nabis,
819 114 870 154 rec«

250 186 312 222 cum
323 168 454 235 expedito
466 172 591 222 exercitu
602 170 665 221 inde
676 169 834 237 profectus,
851 186 868 238 q

249 240 490 292 Lacedaemonem
501 245 603 306 raptim
612 241 745 301 duxisset,
751 240 870 308 Pyrrhif

251 316 345 361 eastra
356 313 519 377 occupavit:
540 327 621 378 quem
634 312 692 376 peti
702 310 796 361 locum
807 313 842 363 ab
854 313 870 361 Α

251 381 406 432 dubitabat.
444 381 510 431 lnde
521 378 647 431 hostibus
660 381 791 432 occurrit.
829 381 870 431 Ob

250 457 307 503 tem
330 451 415 519 longo
438 450 547 517 agmine
569 457 686 517 propter
710 450 856 515 angustias

252 521 372 589 quinquo
384 520 476 571 millia
488 535 628 586 passuum.
647 520 807 586 Cogebatur
818 534 871 587 agn

251 592 342 655 tibus,
363 597 392 642 et
402 591 524 641 maxime
539 607 556 641 a
570 588 848 655 purteeuxiliorum=

250 661 346 711 niabat
358 658 572 723 Philopoemen,
593 664 743 724 tyrannum
763 674 870 711 mercen

250 730 312 790 bus,
324 727 424 793 quibus
434 727 582 791 plurimum
594 728 707 790 fideret,
730 730 764 780 ab
777 735 858 796 tergo

251 811 355 849 surum.
373 795 453 847 Duae
464 812 510 847 res
521 797 604 847 simul
617 797 779 864 inopinatae
791 813 870 865 percu

253 883 321 929 una,
340 871 576 934 praeoccupatus,
599 882 678 933 quem
699 869 829 934 petebat,
848 867 870 918 1(

253 936 327 1006 quud
336 937 426 1004 primo
438 937 544 1004 agmini
555 938 709 989 occurrisse
723 937 832 990 hostem
845 953 870 989 ct

253 1023 335 1075 quum
345 1022 396 1075 per
406 1007 470 1059 loca
482 1005 651 1073 confragosa
660 1007 715 1058 iter
730 1013 818 1069 esset,
839 1007 870 1058 sii

253 1084 379 1129 maturae
390 1076 530 1143 praesidio
542 1077 622 1145 signa
632 1076 700 1128 ferri
711 1077 870 1130 nonmidebt

304 1145 432 1198 XXVIII.
452 1147 522 1198 Erat
533 1153 625 1199 autem
636 1145 837 1213 Philopoemen
846 1162 870 1214 pi

253 1215 379 1268 ducendo
391 1217 503 1283 agmine
514 1216 641 1284 locisque
653 1217 795 1284 capiendis
812 1217 868 1268 soll

253 1301 332 1337 usus:
354 1301 405 1337 nec
416 1286 485 1338 belli
496 1292 603 1338 tantum
615 1288 799 1353 temporibus,
810 1287 860 1341 sed

254 1370 293 1437 oe,
306 1354 382 1446 adeid
393 1357 515 1408 maxime
526 1360 831 1446 apimpmqexercuerat.
861 1358 870 1406 1
