1838 2954
87 60 182 115 agros.
217 45 351 99 Peraeam
367 46 446 111 inde,
465 48 603 100 coloniam
612 49 728 116 Mityle-

64 152 75 180 ,
101 118 278 184 expugnavit.
315 119 431 179 Cotton,
458 123 486 170 et
507 118 674 185 Corylenus,
701 126 730 171 et

41 186 122 250 sias,
143 193 173 238 et
188 187 288 251 Grene,
308 188 399 254 primo
419 187 525 253 impetu
540 194 638 254 captae
657 195 729 241 sunt.

19 271 51 309 er
61 253 201 324 Thyatira
212 254 417 309 Sardes-rediit.
449 255 593 320 Seleucus,
608 259 637 308 in
648 258 731 309 mari-

11 340 56 378 ›ra
66 339 239 395 permanens,
252 327 317 378 aliis
328 326 438 388 terrori,
445 327 652 394 aliispraesidio
660 335 729 380 erat.

11 412 30 447 s
39 395 169 448 Romana
184 400 247 448 cum
257 397 380 448 Eumene
392 396 561 465 Rhodiisque
572 398 728 465 Mitylenen

11 464 728 604 annanasuassanensis

472 573 480 599 5

11 610 34 668 t,
45 605 186 667 (imminet
197 605 261 657 urbi
270 603 499 671 Phocaeensium)
510 609 684 675 appulerunt,
691 615 728 665 et.

11 691 24 727 s
36 679 104 728 ante
115 673 307 726 abstinuerant
317 677 427 743 templis
439 678 581 745 signisque
600 678 729 745 (egregie

11 770 15 796 ι
26 750 165 797 exornata
176 744 269 795 insula
280 746 441 812 erat)quum
452 745 595 799 hostiliter
601 748 728 814 diripuis-

16 814 56 867 ad
72 816 160 881 ipsam
178 813 276 865 urbem
294 817 515 868 transmiserunt.
550 816 728 869 Eamdivisis

11 884 174 951 inpartibus
186 898 268 951 quum
281 894 482 965 oppugnarent,
494 884 729 946 etviderent,sine

11 969 69 1015 sus,
91 952 177 1005 armis
193 950 332 1020 scalisqu‘e
352 954 413 1020 capi
431 968 485 1004 non
497 968 593 1020 posse3
613 953 729 1004 missum

11 1020 115 1075 [tiocho
128 1017 300 1090 praesidium
316 1023 401 1074 trium
416 1023 537 1074 millium
559 1026 729 1074 armatorum

27 1094 165 1145 intrasset
194 1094 306 1158 urbem3
338 1093 493 1161 extemplo,
524 1092 731 1162 oppugnatione

11 1179 40 1226 a,
62 1162 162 1215 classis
182 1163 219 1217 ad
237 1156 358 1215 irisulam
378 1180 409 1217 se
424 1163 543 1232 recepit,
565 1162 637 1216 nihil
654 1162 729 1216 uliud

13 1233 185 1300 depopulato
198 1233 273 1285 cirea
283 1234 379 1286 urbem
389 1232 511 1286 hostium
522 1250 599 1303 agro.

11 1302 63 1354 ill.
84 1302 152 1354 lade
162 1303 268 1371 placuit
277 1305 426 1357 Eumenem
438 1304 551 1357 domum
562 1304 679 1366 dimitti,
701 1310 729 1356 et

11 1373 204 1422 arareeensuli
215 1378 298 1435 atque
304 1375 450 1436 exercitui,
457 1390 530 1442 quae
537 1373 572 1425 ad
577 1374 728 1425 transitum

11 1439 104 1507 sponti
130 1454 199 1506 opus
225 1444 330 1490 essent:
362 1440 513 1494 Romanam
536 1442 729 1510 Rhodiamque

12 1526 42 1561 m
54 1508 146 1560 redire
158 1507 279 1572 Samum,
291 1515 373 1577 atque
384 1512 425 1564 ibi
434 1513 463 1563 in
475 1513 599 1564 statione
611 1528 680 1575 esse,
695 1526 729 1563 ne

11 1578 113 1631 ‘enidas
129 1579 163 1629 ab
175 1576 285 1645 Epheso
298 1588 431 1633 moveret.
467 1583 527 1634 Rex
539 1583 665 1644 Elaeam,
675 1581 730 1632 Ro-

12 1655 44 1702 et
54 1648 157 1700 Rhodii
167 1647 280 1700 Samum
297 1650 450 1703 redierunt.
486 1650 528 1703 lbi
537 1652 576 1703 M.
587 1651 730 1713 Aemilius,

22 1719 183 1785 praetoris,
206 1719 333 1772 decessit.
370 1719 473 1772 Rhodii
489 1721 638 1773 celebratis
654 1736 720 1773 exse

15 1787 150 1839 aduersus
162 1789 288 1851 classem,
295 1802 376 1855 quam
387 1790 464 1842 fama
475 1796 536 1842 erat
548 1806 582 1842 ex
594 1790 678 1859 Syria
686 1806 732 1842 ue·

11 1857 140 1909 :redeeim
150 1859 207 1909 suis
218 1859 343 1922 naribus,
356 1865 384 1911 et
394 1877 451 1912 una
464 1861 521 1911 Coa
533 1860 732 1928 quinqueremi,

11 1965 15 1980 .
26 1928 134 1990 Cnidia,
144 1925 280 1989 Rhodum,
290 1933 322 1978 ut
333 1929 373 1980 ibi
384 1930 411 1980 in
423 1929 544 1983 statione
557 1938 657 1995 essent,
669 1943 732 1998 pro·

11 2003 75 2050 tunt.
110 1997 202 2048 Biduo
220 2004 297 2057 ante,
318 2014 398 2066 quam
410 2000 553 2053 Eudamus
569 2018 630 2053 eum
642 2003 731 2053 classe

11 2082 53 2119 nro
65 2068 181 2130 veniret,
191 2067 326 2119 tredecim
338 2070 372 2120 ab
379 2069 476 2122 Rhodo
488 2088 572 2124 naues
585 2087 645 2123 euni
652 2071 730 2120 Pam·

11 2154 33 2188 ‚a
52 2138 194 2204 praefecto
212 2136 345 2188 adversus
367 2140 482 2192 eandem
499 2140 642 2207 Syriacam
662 2136 730 2187 clas·

11 2207 103 2269 nissae,
114 2207 263 2273 assumptis
275 2208 391 2259 naribus
404 2216 543 2276 quattuor,
555 2206 731 2275 quaeCariae

11 2277 65 2328 idio
84 2282 178 2339 erant,
200 2279 424 2343 oppugnantibus
440 2279 539 2344 regiis,
559 2275 687 2328 Daedala
703 2279 731 2325 et

15 2362 59 2397 am
71 2347 128 2398 alia
137 2345 260 2399 Peraeae
277 2349 398 2404 castolla
407 2348 735 2402 ohsidioneesenxessna

11 2430 65 2465 rum
77 2415 229 2469 confestim
242 2419 325 2477 exire
335 2422 460 2494 placuit.
474 2412 681 2472 hddihaehnixe
687 2421 756 2471 qno-

11 2483 81 2533 stad
92 2500 158 2538 eam
172 2489 313 2560 classem,
328 2512 425 2567 quam
431 2477 784 2550 hahehamewnffiffl
