1838 2954
26 53 738 127 xxxvlllusrmoat.[U.c.565.A.c.137.]423

23 166 45 222 ἑ)
62 175 143 226 quam
156 161 297 212 redeuntes
313 159 342 212 in
352 161 522 213 latrunculos
538 158 662 212 Thracas
672 161 738 218 inci-

23 244 72 292 sus,
93 228 178 293 oaesi,
194 228 311 300 fugati,
333 229 410 282 exuti
425 229 621 298 impedimentis
637 246 737 282 sumas.

23 298 110 351 isacius
126 297 267 362 Thermus,
277 299 306 351 in
317 315 368 366 pao
381 299 457 351 tnnc
468 302 563 367 paullo
571 303 634 368 plus
646 300 738 354 desani

23 385 34 420 r
47 377 95 432 est,
112 369 228 436 quamsi
242 368 291 421 Cn.
307 369 438 431 Manlius,
451 370 528 421 cuius
540 371 693 423 terreeritate
704 387 736 422 ea

28 438 172 502 inciderat,
178 439 304 507 perisset,
316 455 375 490 cum
386 440 478 491 acuitis
488 440 683 512 airisfortibus
696 456 736 492 ce·

32 510 184 573 exercitus,
201 509 287 577 spolia
299 509 373 577 regis
385 509 516 562 Antiochi
526 512 666 582 referens,
688 511 737 563 tri-

23 594 34 630 s
55 579 214 646 dissipatas,
240 578 306 630 alibi
322 579 459 646 primum,
485 580 553 632 alibi
569 590 738 648 postremam

23 685 33 712 κ,
51 649 118 701 alibi
127 649 328 718 impedimenta,
346 648 419 704 inter
429 666 523 720 vepres
535 650 739 725 in'latebrisse·

31 727 136 772 noctem
147 735 230 774 unam
242 717 361 771 delituit.
397 721 456 773 Pro
468 720 510 773 iis
521 720 676 790 triumphas
690 739 739 791 pe·

35 787 67 841 Si
77 789 148 858 nilsil
156 791 185 843 in
199 787 321 841 Tiresia
333 791 418 844 cladis
428 790 647 861 ignominiaeque
657 793 738 864 foret

23 875 79 923 um,
102 861 133 913 de
144 860 240 928 quibus
251 860 371 912 hostibus
382 861 550 929 triumphum
558 865 685 930 peteres?
705 865 736 916 de

25 929 128 997 opinor,
139 947 204 1000 quos
216 929 269 982 tibi
279 929 366 983 nostes
377 940 487 984 senatus
498 941 548 983 ant
553 935 672 999 popalus
682 931 738 984 Ro-

35 1001 159 1053 dedisset.
180 1000 227 1053 Sic
237 999 301 1052 isaie
310 1001 345 1052 L.
359 999 493 1067 Scipioni,
506 1001 546 1053 sic
556 1002 598 1055 illi
610 1001 641 1052 Μ
648 1007 663 1052 ’.
675 1001 738 1054 Aci·

23 1086 84 1138 rege
96 1070 245 1133 Antiocho,
268 1070 307 1122 sic
323 1072 418 1137 paullo
438 1080 502 1122 ante
516 1069 548 1122 T.
564 1069 694 1134 Quinctio
706 1073 737 1125 de

23 1139 141 1209 iiidippo,
161 1142 201 1193 sic
211 1142 246 1194 P.
260 1140 397 1212 Africano
408 1143 439 1192 de
449 1139 614 1204 Hannibale,
630 1149 658 1192 et
669 1141 738 1194 Poe·

23 1210 181 1281 tSypioce,
204 1210 357 1279 triumphas
377 1212 466 1264 datas.
502 1211 543 1264 Et
555 1210 667 1264 minima
679 1212 737 1273 iila,

23 1281 80 1343 iam
95 1291 205 1335 senatus
223 1282 369 1334 censuisset
379 1281 490 1344 beilum,
512 1282 637 1348 quaesita
648 1291 737 1336 taneen

25 1351 121 1420 quibas
140 1351 323 1406 nuntiandam
336 1361 419 1406 esset:
440 1352 508 1420 ipsis
519 1353 614 1420 ntique
626 1351 738 1420 regibus

23 1431 125 1482 tretnr5
146 1440 183 1475 an
203 1423 271 1475 satis
287 1432 368 1486 esset,
389 1423 426 1475 ad
441 1423 611 1492 praesidium
626 1422 738 1489 aliquod

23 1492 72 1543 ri?
98 1490 187 1545 Vialtis
198 1509 262 1563 ergo
273 1492 340 1546 isaec
352 1492 442 1549 omnia
449 1493 538 1560 pollui
549 1502 576 1545 et
586 1490 737 1562 confundi?

23 1561 120 1615 'etialia
140 1563 222 1616 iura?
241 1567 328 1616 nullos
350 1579 405 1616 esse
421 1563 556 1635 fetiales?
573 1561 632 1632 fiat
653 1567 738 1629 (pace
767 1602 774 1613 .

23 1632 128 1685 dixerim
134 1637 146 1696 )
158 1633 268 1687 iactura
284 1633 444 1703 religionis:
464 1633 561 1685 oblivio
573 1633 683 1684 deorum
694 1648 737 1684 ca·

23 1711 119 1754 rectora
135 1713 233 1756 nestra.
271 1703 344 1756 Num
361 1714 485 1756 senatum
501 1719 606 1771 quoque
624 1703 655 1754 de
671 1701 737 1754 ieiio

23 1771 93 1826 inon
100 1775 212 1839 placet?
233 1791 286 1827 non
298 1775 335 1825 ad
343 1776 475 1841 populum
486 1773 572 1846 ferri,
588 1771 681 1836 uelint,
697 1772 737 1825 iu·

23 1859 42 1893 re
53 1859 113 1895 cura
127 1843 215 1897 Gallis
233 1843 328 1895 bellum
336 1844 417 1912 geri?
438 1842 522 1895 Modo
532 1852 606 1896 certe
617 1846 737 1896 consules

23 1910 78 1964 iam
95 1924 177 1979 atque
188 1913 282 1966 Asiam
293 1914 432 1966 solebant:
453 1922 545 1966 tamen
561 1928 737 1983 perseveran-

23 1981 97 2046 roais,
117 1983 236 2054 Ligures
245 1983 418 2051 provinciam
429 1983 584 2048 decernere,
605 1985 678 2038 dicto
689 1999 737 2035 au·

23 2068 32 2103 s
43 2054 173 2124 ficerunt.
210 2054 312 2107 Merito
324 2070 389 2123 erga
400 2071 418 2106 a
428 2053 514 2118 nobis,
531 2071 659 2123 prospere
672 2055 737 2106 detto

26 2122 192 2192 triumphans
199 2126 409 2193 petent,quibns
420 2127 577 2180 auctoribus
586 2134 737 2195 gesserunt.

23 2191 95 2245 ivn.
118 2195 198 2247 Talis
211 2196 303 2247 oratio
314 2196 392 2248 Furii
405 2203 433 2249 et
442 2198 556 2250 Aemilii
565 2196 629 2247 fuit.
658 2195 737 2246 Mun·

23 2279 37 2312 n
49 2262 121 2315 hunc
131 2266 252 2318 maxime
263 2262 374 2318 niodum
383 2269 560 2335 respondisse
571 2265 736 2330 accepimus.

23 2332 50 2385 ni
64 2335 149 2400 plebis
161 2347 243 2391 antea
254 2338 374 2391 solebant
389 2338 555 2406 triumphum
569 2333 737 2404 postulanti·

23 2404 138 2469 uersari,
148 2405 250 2460 Patres
260 2402 422 2479 conscripti.
438 2407 543 2472 Quidue
553 2422 604 2474 ego
615 2403 747 2472 giosiumx

40 2477 117 2540 duod
123 2493 172 2530 sea
182 2480 266 2548 midi,
289 2501 337 2539 sen
347 2477 551 2555 nnagn'utud'miu
559 2487 661 2557 rerum
674 2473 784 2570 miz-⁰

23 2541 232 2622 tremuerant,
253 2567 289 2612 ut
307 2575 367 2614 non
387 2559 482 2610 solnm
493 2549 615 2602 silentio
628 2543 747 2594 tows)

23 2631 116 2676 rorem
129 2639 239 2699 meum,
260 2633 318 2689 sed
328 2630 453 2708 referre
467 2621 586 2681 etima,
606 2607 637 2662 ᾗ
648 2609 727 2672 Ψ*
736 2599 784 2638 ⁰⁴⁸*
