1838 2954
19 52 54 88 :m
67 39 221 88 xxxvlll.
232 39 309 88 Cur.
320 39 362 91 32.
373 39 416 89 33.
428 39 770 112 [cenomannensem

21 213 95 263 sunt}

19 281 147 332 XXXIII.
166 278 377 348 Philopoemeni
388 283 568 334 continuatur
579 282 774 349 magistratum

27 351 100 402 roris
115 352 209 411 initio,
229 352 354 402 exercitu
369 351 492 414 indicto,
514 357 607 403 castra
627 354 656 401 in
675 351 775 403 finibus

19 420 255 471 :edaemoniorum
267 422 371 488 posuit.
407 420 530 488 Legatos
540 421 642 474 deinde
653 421 728 472 misit
740 421 776 471 ad

19 489 158 541 oscendos
170 495 298 541 auctores
311 490 484 551 defectionis,
496 496 525 542 et
535 491 677 542 civitatem
688 491 718 541 in
730 505 776 557 pa·

19 558 146 622 futuram,
157 561 181 609 si
192 560 221 610 id
231 558 373 621 fecissent,
385 559 531 626 pollicens,
542 566 571 612 et
580 560 644 612 illos
654 559 725 611 nibil
736 563 775 611 in·

19 634 291 696 tacausapassuros.
328 626 478 681 Silentium
494 644 561 697 prae
578 635 654 681 metu
670 635 777 685 cetero·

19 714 31 749 a
52 697 114 749 t'uit.
151 699 228 760 Quos
249 698 413 749 nominatim
433 700 650 766 depoposcerat,
672 700 726 766 lpsi
745 715 777 752 so

19 782 61 819 ros
71 767 191 834 professi
203 773 283 831 sunt3
304 768 358 820 fide
370 775 485 834 accepta
495 771 529 821 ab
542 769 653 837 legatis,
663 772 718 821 vim
729 770 776 822 ab·

19 853 104 899 uram,
116 837 206 889 donec
216 852 327 888 causam
339 838 483 890 dixissent.
520 839 617 890 lerunt
628 838 676 890 alii
691 840 776 892 etiam

19 912 97 958 ¹utres
108 909 176 969 riri,
189 912 218 959 et
228 906 356 958 aduocati
365 908 498 974 privatis,
518 913 547 959 et
557 909 623 974 quia
633 909 776 973 pertinere

19 992 83 1027 isam
95 991 189 1029 corum
199 976 238 1036 ad
249 976 447 1042 rempublicam
458 977 617 1028 censebant.
627 976 777 1044 Nunquam

18 1061 42 1097 rs
64 1047 173 1098 exsules
184 1045 471 1098 Lacedaemoniorum
491 1043 596 1097 Achaei
615 1059 707 1097 secum
729 1046 776 1097 ad-

19 1121 111 1168 rerant
121 1117 147 1165 in
158 1116 243 1178 lines,
263 1116 328 1183 quia
340 1113 407 1165 nibil
419 1129 507 1182 aeque
519 1115 707 1168 alienaturum
718 1116 777 1166 ani-

20 1201 33 1236 s
45 1186 164 1236 civitatis
175 1184 330 1236 ridebatur.
349 1184 428 1235 Tunc
439 1185 578 1237 exercitus
589 1184 679 1237 totius
690 1199 778 1252 prope

19 1255 148 1322 esiguani
159 1254 269 1305 exsules
288 1260 379 1305 erant.
414 1253 436 1305 ll
451 1255 625 1307 venientibus
637 1254 777 1308 Lacedae·

20 1326 74 1374 niis
85 1323 121 1374 ad
132 1329 240 1388 portam
260 1328 416 1375 castrorum
431 1325 541 1392 agmine
556 1321 630 1377 facto
652 1340 778 1377 occurre·

19 1398 53 1456 rt;
64 1399 92 1443 et
103 1394 191 1459 primo
203 1393 342 1444 lacessere
354 1394 466 1460 iurgiis:
478 1393 580 1446 deinde
591 1394 778 1446 altercatione

20 1478 44 1524 a,
56 1477 139 1528 quum
151 1461 371 1514 accenderentur
381 1465 454 1524 irae,
473 1462 639 1515 ferocissimi
650 1463 776 1514 exsulum

19 1536 104 1596 petum
116 1531 144 1581 in
155 1529 394 1584 Lacedaemonios
407 1532 541 1584 fecerunt.
551 1534 643 1597 Quum
654 1532 698 1583 illi
709 1531 778 1585 deos

19 1601 96 1651 idem
109 1601 265 1669 legatorum
277 1606 460 1664 testarentur,
481 1608 510 1660 et
520 1600 608 1670 legati
619 1606 647 1651 et
663 1606 779 1669 praetor

19 1676 163 1721 amoveret
182 1672 293 1732 turbas,
315 1676 344 1722 et
363 1676 524 1739 protegeret
533 1668 778 1733 Lacedaemonios,

23 1739 138 1806 culaque
151 1739 206 1790 iam
219 1739 353 1807 quosdam
363 1740 518 1792 iniicientes
534 1739 654 1802 arceret,
674 1755 779 1793 cresce·

19 1808 153 1859 :tumultu
165 1813 305 1862 concitato
317 1809 406 1860 turba.
442 1811 479 1860 Et
493 1809 595 1862 Achaei
616 1810 652 1860 ad
672 1815 780 1878 specta-

21 1893 65 1928 um
88 1881 177 1944 primo
200 1879 414 1931 concurrebant:
438 1878 537 1931 deinde
557 1880 779 1933 vociferantibus

19 1947 126 2011 rulibus,
138 1964 209 2015 quae
220 1948 295 2014 passi
306 1946 407 2010 forent,
418 1952 446 1999 ct
456 1949 603 2001 orantibus
612 1949 780 2016 opem,affir·

19 2018 169 2085 ,ritibusque
181 2017 280 2078 siniul,
299 2015 443 2084 Nunquam
454 2019 535 2072 talem
552 2018 717 2073 occasionem
734 2019 781 2070 ia·

19 2101 89 2150 uros,
100 2087 124 2138 si
135 2102 193 2138 earn
203 2086 465 2152 praetermisissent:
480 2088 592 2159 faedus,
603 2090 673 2158 quod
684 2089 714 2141 in
729 2086 781 2138 Ca·

20 2156 81 2218 olio,
93 2157 164 2223 quod
175 2152 399 2225 Olyrnpiae,qaod
408 2156 437 2210 in
447 2159 631 2212 arceAtlrenis
642 2165 782 2209 sacratum

19 2226 84 2286 isset,
95 2225 207 2277 irritum
216 2241 266 2292 per
277 2224 336 2276 ilios
347 2241 416 2277 esse:
435 2227 594 2297 priusquam
605 2226 660 2278 aiio
672 2226 703 2277 de
713 2223 781 2278 intr·

19 2312 26 2345 r
38 2294 153 2365 foedere
165 2295 364 2364 obligarentur,
375 2296 470 2349 noxios
477 2297 629 2366 puniendos
641 2309 715 2355 esse;
736 2309 785 2346 ac·

18 2379 59 2415 rsa
69 2363 112 2414 bis
123 2362 236 2415 vocibus
247 2364 398 2417 multitudo
409 2365 445 2417 ad
455 2382 549 2420 rocem
562 2364 659 2426 unius,
676 2362 785 2428 quiam

19 2435 101 2495 irent,
112 2434 285 2500 inclamarit,
298 2437 514 2489 saraceniscus
535 2433 806 2504 abducimuffib'ssffi]

19 2505 74 2563 rim,
97 2504 198 2570 quibus
213 2506 332 2560 vincula
347 2524 403 2578 per
418 2505 585 2560 tumultum
591 2500 716 2553 adsensa
730 2499 806 2536 'effi

19 2567 105 2626 rtectr‘
113 2579 211 2648 sunu,
224 2580 393 2656 sexaginta.
405 2585 475 2638 tres
489 2579 622 2651 postero
639 2565 695 2618 &w
717 2557 806 2606 iffi
