1844 2962
85 115 161 167 Lus.
173 112 326 176 xxxviii.
338 116 413 169 Gur.
423 116 449 169 2
461 116 505 184 [U.
514 118 761 187 usdaudida]
789 120 841 179 ³7³

34 231 85 269 sex
95 214 221 267 millibus
232 223 401 268 armatorum
411 218 566 285 profectus,
576 221 684 288 ingenti
694 222 841 274 celeritate

35 282 179 354 Gomphos
190 288 325 353 pervenit.
361 287 404 339 lbi
415 289 516 342 relicta
525 291 631 344 maiore
642 297 723 358 parte
738 293 842 344 exerei-

35 363 98 418 tus,
120 366 220 422 tueque
232 357 304 408 enim
315 356 350 407 ad
365 364 445 411 teuta
459 360 562 412 itinera
575 361 761 424 suffecissent)
779 377 841 412 eum

36 425 146 479 duobus
156 425 281 476 millibus
292 426 473 491 Athenaeum,
495 429 663 498 quodunum
673 447 691 482 a
701 431 840 498 praesidio

35 510 87 548 suo
99 499 239 546 retentum
249 494 496 565 iueratpervenit.
522 498 597 560 lude,
609 502 745 564 proximis
755 507 844 553 tenta·

35 567 84 627 tis,
94 578 178 630 quum
187 562 274 617 facile
285 565 535 628 animadvertisset,
541 572 635 620 cetera
645 566 761 631 hostilia
772 586 842 629 esse,

35 632 180 701 Gomphos
195 648 353 701 regressus,
376 635 502 687 omnibus
518 637 607 703 copiis
622 638 706 689 simul
719 640 750 690 in
760 639 844 690 Atha-

33 703 157 756 maniam
166 703 260 756 rediit.
296 706 436 757 Zenonem
448 705 527 767 inde,
540 720 601 758 oum
613 708 691 760 mille
702 709 844 776 peditibus

34 774 234 843 praemissum,
253 771 408 838 Ethopiam
423 789 559 842 occupare
577 777 667 841 iubet,
687 784 844 846 opportune

34 842 187 912 Argitheae
203 838 416 895 imminentem?
427 859 509 911 quem
525 847 572 899 ubi
590 847 680 900 teneri
695 849 786 900 asnis
803 847 846 899 lo·

36 929 99 966 eum
115 912 199 977 vidit,
220 913 281 980 ipso
293 912 368 965 eirea
384 915 519 981 templum
540 916 616 967 lovis
629 919 729 970 Acraei
748 918 846 983 posuit

35 988 139 1037 wira
174 982 216 1035 lbi
227 997 312 1035 unum
328 982 401 1037 dem
415 983 500 1035 foeda
520 991 686 1050 tempestate
707 992 843 1048 retentus,

34 1060 151 1123 postero
162 1052 208 1106 die
218 1053 320 1106 ducere
331 1053 366 1105 ad
375 1051 538 1120 Argitheam
549 1053 675 1104 intendit
704 1055 844 1107 Euntibus

35 1122 179 1190 extempio
201 1132 356 1191 apparuere
366 1121 547 1185 Athamanes,
566 1123 595 1174 in
616 1123 738 1175 tumulos
754 1124 844 1175 immi·

32 1192 136 1249 nentes
149 1192 211 1246 viae
231 1192 428 1246 discurrentes.
463 1192 506 1246 Ad
528 1207 645 1260 quorum
667 1200 845 1261 conspectum

35 1265 189 1319 constitere
199 1264 290 1330 prima
301 1264 392 1330 signa,
403 1268 518 1330 totoque
529 1265 640 1331 agmine
651 1278 739 1331 pavor
751 1269 780 1317 et
788 1270 844 1314 tre·

32 1333 144 1403 pidatio
157 1338 231 1384 erait
253 1339 282 1385 et
297 1348 348 1399 pro
364 1349 395 1387 se
411 1333 544 1399 quisque,
566 1332 698 1398 quidnam
718 1333 845 1386 futurum

33 1410 121 1466 estet,
132 1403 268 1469 cogitare,
289 1403 354 1451 siin
364 1402 453 1452 valles
464 1400 605 1452 subiectas
617 1404 732 1469 rupibus
744 1417 845 1468 agmen

33 1475 113 1528 deret
124 1472 282 1525 demissum.
317 1469 400 1522 Haeo
410 1470 592 1522 tumultuatio
602 1484 712 1538 regem,
733 1473 845 1536 cupien-

33 1551 104 1605 tem,
116 1541 142 1592 si
151 1555 181 1593 se
191 1544 382 1607 sequerentur,
392 1539 495 1607 raptim
506 1539 625 1592 eradere
637 1540 793 1607 angustias,
803 1556 846 1592 re-

33 1609 270 1677 voeareprimos,
291 1608 444 1673 eteodem,
462 1615 656 1677 quavenerut,
676 1610 724 1661 via
738 1609 844 1662 referre

35 1681 133 1750 eosgit
144 1681 233 1746 signa.
268 1678 436 1733 Athamanes
448 1680 538 1747 primo
550 1694 586 1732 ex
594 1679 743 1732 intervallo
756 1679 845 1748 quieti

33 1752 237 1821 sequebantur:
256 1754 404 1818 postquam
415 1749 511 1802 Aetoli
520 1764 550 1801 se
561 1750 772 1813 coniunxerunt,
784 1749 844 1812 hos,

35 1829 69 1876 ut
79 1822 115 1874 ab
126 1826 206 1887 tergo
219 1819 324 1887 agmini
334 1821 487 1882 instarent,
503 1819 690 1886 reliquerunt:
710 1820 767 1887 ipsi
777 1835 794 1871 a
804 1819 844 1872 la·

34 1893 146 1947 teribus
158 1902 188 1942 se
199 1888 444 1943 eucumfnuemnt.
464 1888 593 1953 Quidam,
603 1904 654 1956 per
664 1895 746 1943 notos
758 1890 844 1942 ealles

33 1962 169 2017 breviore
179 1960 227 2011 via
236 1959 402 2029 praegressi,
414 1960 550 2012 transitus
561 1959 701 2014 insedere:
722 1965 844 2012 tantum·

35 2047 93 2103 que
107 2029 243 2082 tumultus
254 2029 456 2083 Macedonibus
476 2034 520 2081 est
540 2028 686 2095 iniectum,
707 2037 740 2082 ut
759 2029 845 2095 fugae

32 2101 130 2171 magis
141 2099 258 2163 effusae,
279 2116 361 2168 quam
372 2099 482 2152 itineris
493 2098 615 2150 ordinati
626 2098 724 2163 inodo,
746 2098 845 2150 multis

35 2172 126 2228 aruris
135 2169 257 2236 virisque
269 2169 385 2233 relictis,
396 2169 498 2222 ilunren
507 2169 678 2222 traiecerint.
712 2169 768 2220 iiie
781 2166 844 2216 iinis

33 2238 176 2311 sequendi
186 2237 250 2291 fuit.
285 2239 351 2292 Inde
363 2243 425 2291 tuto
436 2238 605 2292 Macedones
617 2237 773 2303 Gomphos,
789 2241 817 2286 et
828 2250 845 2284 a

34 2309 177 2378 Gomphis
188 2309 216 2360 in
226 2309 421 2363 Macedoniam
431 2307 585 2361 redierunt.
616 2306 784 2358 Athamanes
795 2305 845 2355 Ae·

33 2383 146 2449 tolique
156 2378 321 2447 Ethopiam,
343 2379 378 2432 ad
390 2379 530 2431 Zenonem
540 2394 573 2429 uo
584 2376 662 2428 mille
673 2372 843 2425 Macedonas

34 2447 253 2522 opprimendos,
274 2448 395 2517 undique
417 2450 628 2501 concurrerunt.
668 2441 870 2513 bhaeehuneas

31 2536 136 2594 parurn
148 2519 211 2570 loeo
220 2516 299 2582 freti,
321 2521 357 2574 ab
370 2518 500 2589 Ethopia
514 2520 548 2573 in
565 2517 713 2570 ditiorem
727 2510 873 2579 aasabim
890 2569 910 2598 a

21 2604 146 2652 samque
156 2587 277 2654 undique
287 2591 434 2647 tumulum
446 2606 644 2649 concessere.
670 2584 748 2645 hiim
756 2568 914 2664 ww*

15 2657 92 2709 Μ’
102 2653 183 2705 “452⁰
192 2657 321 2728 ¹¹¹¹V0¹¹i⁰s
336 2666 486 2735 expulere
501 2678 559 2720 eos
573 2662 791 2717 Athamanes·
804 2637 900 2693 mil*
