1838 2954
19 90 225 145 xxxvtcir.
233 88 275 145 18.
283 88 325 145 19.
337 92 382 160 [U.
391 92 560 147 cetuna
570 93 637 164 squ]
654 94 708 147 2⁷9

15 204 58 253 ter
71 198 275 267 longitudinem
291 197 433 250 hastarum
454 201 609 251 subiectum
624 199 708 253 habe·

12 276 72 323 lem.
107 269 206 330 lllulti,
219 275 324 321 temere
335 271 485 320 subeuntes
493 271 607 332 vallum,
618 276 709 321 trans·

15 346 38 389 t:
58 346 87 391 et
99 347 148 390 aut
159 339 271 405 inceptu
281 339 363 389 irrito
375 339 569 402 recessissent,
586 344 635 389 aut
647 341 708 406 plu·

12 408 142 471 idissent,
162 410 192 460 ui
206 410 246 460 ltl.
261 409 377 460 Porcius
394 410 428 459 ab
449 409 516 477 iugo
534 408 707 473 Callidromi,

12 478 92 531 iinde
103 478 224 540 Aetolis,
244 484 273 530 et
285 494 386 546 magna
397 493 430 529 ex
442 490 521 544 parte
532 479 635 542 caesis,
656 482 707 547 (in-

12 546 81 599 auim
93 555 122 601 et
134 549 282 615 plerosque
293 549 401 614 sopitos
417 554 608 615 oppresserat)
623 563 708 617 super

13 624 86 669 ntem
99 620 200 669 castris
211 618 312 669 collem
323 618 508 683 apparuisset.

12 687 28 739 ζ.
44 687 147 739 Flacco
157 704 212 738 non
225 687 322 738 eadem
338 687 453 739 fortuna
468 687 504 739 ad
515 682 666 739 Tichiunta
677 694 706 741 et

12 757 96 819 itiam,
107 758 288 823 nequicquam
300 757 393 809 subire
405 756 440 808 ad
451 772 486 809 ea
497 759 614 810 castella
626 772 708 810 cona·

13 833 53 879 at.
88 827 271 889 Macedones,
292 829 392 893 quique
403 828 453 877 alii
465 828 493 877 in
505 829 605 879 castris
619 828 706 895 regiis

13 896 101 959 trinio,
113 896 177 947 dum
191 897 287 962 procul
299 897 367 947 nihil
379 897 470 958 aliud,
490 912 570 962 quam
584 898 668 949 turba
677 904 707 948 et

29 966 196 1033 apparebat,
210 967 325 1018 Aetolos
338 966 464 1028 credere,
479 966 541 1016 risa
551 966 648 1032 procul
659 981 707 1034 pu·

13 1037 103 1088 bridio
114 1040 218 1088 uenire.
249 1038 388 1098 Ceterum,
400 1042 431 1086 ut
444 1037 561 1101 primum
572 1036 708 1101 signaque

13 1121 71 1157 sex
85 1107 241 1175 propinquo
258 1106 372 1171 cognita
387 1120 510 1157 errorem
530 1110 708 1171 aperuerunt,

13 1183 119 1243 repente
133 1191 221 1243 paror
231 1191 326 1227 annues
337 1176 423 1243 cepit,
434 1182 475 1238 ut,
486 1174 604 1227 abiectis
613 1173 708 1236 armis,

13 1253 37 1297 it.
73 1246 110 1297 Et
122 1247 293 1298 munimenta
303 1254 449 1313 sequentes
461 1244 664 1313 impedierunt,
680 1248 710 1297 et

13 1330 44 1368 ae
54 1316 154 1378 vallis,
170 1332 219 1382 per
231 1331 312 1383 qnam
324 1317 458 1383 sequendi
469 1322 562 1381 erant3
585 1323 614 1370 et
624 1314 710 1366 nisui·

13 1385 86 1448 tium,
96 1386 169 1452 quod
181 1386 323 1453 elephanti
334 1388 479 1439 novissimi
492 1387 612 1454 agminis
620 1390 709 1445 erant,

12 1455 70 1507 sdes
91 1472 174 1523 aegre
197 1459 365 1522 praeterire,
386 1473 470 1524 eques
495 1456 573 1506 nullo
596 1459 710 1520 poterat

13 1525 168 1576 lmentibus
180 1528 268 1592 equis,
284 1529 488 1593 tumultumque
498 1527 571 1576 inter
581 1540 611 1575 sc
623 1522 708 1574 maio·

13 1611 65 1646 ram
78 1596 106 1645 in
119 1597 240 1662 proelio,
261 1597 414 1649 edentibus.
450 1596 628 1661 Aliquantum
640 1599 709 1644 tem-

13 1665 150 1732 :direptio
168 1674 321 1718 castrorum
339 1669 439 1718 tenuit.
477 1663 646 1730 Scarpheam
668 1669 710 1714 ta·

20 1735 66 1786 die
82 1738 224 1788 consecuti
239 1744 303 1789 sunt
322 1737 439 1788 hostem.
475 1735 576 1786 Multis
597 1734 709 1801 inipso

14 1806 102 1855 caesis
115 1808 277 1870 captisque,
296 1824 352 1854 nou
363 1807 442 1870 equis
453 1804 575 1870 virisque
590 1809 710 1865 tantum,

13 1889 48 1923 un
60 1872 225 1939 elephantis,
239 1888 309 1939 quos
321 1889 419 1940 capere
430 1890 484 1924 non
495 1880 659 1941 potuerant,
671 1873 712 1923 in·

16 1959 43 2003 s,
59 1944 86 1992 in
100 1950 193 1994 castra
205 1951 394 2006 reuerterunt3
415 1959 487 2009 quae
498 1950 609 1995 tentata
621 1958 653 1995 eo
665 1943 711 1993 die

13 2028 82 2062 »sum
100 2028 209 2079 pugnae
225 2020 333 2078 tempus
350 2016 384 2064 ab
400 2013 520 2076 metatis,
542 2012 711 2066 Heracleam

13 2082 95 2132 itibus
106 2081 324 2148 praesidiumue
335 2083 393 2132 ullo
405 2082 477 2134 haud
490 2099 586 2150 parum
599 2081 711 2133 audacis

22 2152 134 2214 ellectu,
147 2152 267 2203 fucrant.
305 2153 421 2215 Consul,
436 2155 527 2204 noctis
540 2150 712 2218 insequentis

14 2223 103 2287 uigilia
119 2221 272 2286 praemisso
290 2224 416 2287 equitatu
437 2224 471 2274 ad
493 2218 713 2290 persequendum

17 2294 117 2358 ,signa
128 2292 265 2355 legionum
279 2293 368 2356 prima
379 2294 440 2344 luce
453 2295 546 2343 cruorit.
582 2289 714 2352 Aliquan-

14 2377 37 2412 ιε
53 2368 237 2426 praeceperat
253 2377 317 2423 rex3
338 2364 432 2428 utqui
453 2378 507 2412 nou
529 2365 608 2418 ante,
630 2370 713 2421 quam

14 2450 26 2492 e,
38 2434 72 2481 ab
84 2430 171 2481 ell'uso
183 2433 342 2482 constiterit
354 2446 447 2482 cursu:
466 2430 512 2478 ubi
523 2429 639 2495 primum
650 2424 714 2476 reli·

14 2515 153 2567 agnaeque
171 2506 198 2549 et
213 2498 298 2565 fugae
319 2501 458 2559 collectis,
480 2514 541 2548 cum
561 2494 713 2562 perexigua

14 2569 197 2620 sentiermium
221 2570 341 2618 militum
364 2566 523 2618 Chalcidem
543 2582 573 2617 se
598 2566 713 2632 recepit.

16 2654 47 2691 us
60 2638 201 2707 equitatus
210 2637 304 2707 ipsum
316 2638 432 2708 quidem
441 2636 673 2709 regemsslm'xae
685 2646 735 2684 aa·
