1844 2962
84 262 120 315 46
232 262 267 312 Τ.
286 259 400 311 lelt
418 260 464 324 [U.
474 259 505 308 C.
515 258 572 309 552.
583 256 615 307 A.
627 257 657 307 C.
668 254 738 321 unm]

87 368 306 431 delerenturque.-
326 361 382 413 dies
402 360 484 429 festi,
515 375 609 421 sacru,
630 360 782 412 sacerdotes

87 435 173 505 ipsius
183 433 347 484 maiarumoe
357 430 414 485 eius
428 429 538 482 honoris
550 446 632 482 caasa
642 429 773 482 instituta

89 504 178 558 omniu
186 502 417 572 profanarentur.
453 500 529 554 Loca
540 515 652 569 quoque,
669 499 699 552 iu
714 498 784 566 quibs

88 584 147 628 tun
158 572 265 639 aliquid
273 570 465 637 inscriptumve
478 569 586 622 honoris
608 570 665 621 eius
683 585 784 639 causan

89 641 263 697 detestabilia
272 654 337 704 esse,
347 656 431 709 neque
451 639 537 692 iniis
560 639 702 708 quicquam
719 648 783 707 post

90 711 267 780 dedicarique
272 712 383 778 placere
395 725 496 773 eorum,
506 726 575 776 quae
585 709 615 762 in
625 713 682 762 ioco
690 725 762 776 pura
770 727 784 777 q

84 781 233 850 dicatique
237 780 289 851 fas
299 788 375 832 esset.
413 779 573 831 Sacerdotes
586 779 716 845 publicos,
727 795 784 846 quoi

90 869 140 922 que
149 868 203 919 pro
210 852 311 918 populo
317 848 484 911 Atheniensi,
495 848 635 915 sociisque,
647 858 674 901 et
684 850 784 902 exercit

90 921 317 975 classibuseorum
323 926 514 986 precarentur,
526 918 607 972 toties
617 919 747 971 detestari
757 930 784 971 at

90 989 367 1057 secruriPhiiippam,
379 988 477 1041 liberos
488 987 554 1052 eius,
565 1005 740 1057 regnumque,
753 998 784 1041 tei

89 1064 251 1127 naualesque
262 1059 362 1127 copias,
369 1057 550 1110 Macedonum
556 1074 645 1127 genus
655 1076 730 1111 omne
741 1076 784 1112 noo

89 1131 223 1184 Additum
234 1128 357 1190 decreto,
369 1127 470 1195 Siquis
481 1126 548 1194 qaid
554 1137 662 1194 postea,
674 1129 746 1197 quod
755 1147 784 1182 aa

89 1199 320 1270 ignominiamque
335 1197 463 1265 Philippi
474 1197 636 1264 pertineret,
649 1200 758 1270 ferret,
777 1200 784 1250 i

86 1273 218 1340 populum
228 1268 416 1322 Atheniensem
425 1268 577 1319 iussurum.-
602 1267 699 1336 siquis
715 1280 784 1323 tottii

90 1341 211 1405 minium,
219 1355 305 1408 prone
315 1339 414 1391 honore
426 1337 483 1390 eius
493 1336 617 1401 dixisset,
632 1338 784 1409 fecissetae,

89 1411 202 1464 cidisset
223 1426 292 1474 eum,
311 1410 373 1461 iure
395 1422 544 1459 coenarum.
581 1406 727 1460 Postremo
748 1410 784 1461 ini

92 1479 131 1533 Ut
140 1479 239 1543 omniu,
250 1497 318 1549 qaae
328 1480 456 1531 aduersus
468 1475 664 1529 Pisistratidas
686 1479 784 1531 decreti

90 1551 154 1602 dam
165 1560 258 1614 erant,
275 1550 366 1602 eadem
376 1547 405 1600 in
417 1545 549 1613 Philippo
564 1557 748 1601 servarentur.

90 1635 170 1672 cnses
182 1620 292 1687 quidem
304 1617 396 1669 literis
416 1616 571 1683 verbisque,
592 1619 693 1684 quibus
713 1618 783 1671 solis

37 1726 42 1741 ,
89 1689 194 1742 bellum
207 1690 339 1741 adversus
353 1686 513 1754 Philippum
525 1688 669 1754 gerebant·

142 1758 230 1811 XLV.
240 1758 352 1811 Attalus
365 1757 548 1823 Romanique,
559 1758 784 1824 quumPiraeeun

90 1829 126 1880 ab
137 1828 292 1879 Hermione
304 1827 451 1895 petissent,
469 1842 573 1894 paucos
585 1829 626 1880 ibi
638 1830 742 1879 morati
754 1828 781 1880 di

90 1898 201 1963 ratique
213 1913 300 1963 aeque
310 1896 467 1947 immodicis
478 1897 513 1947 ad
520 1894 640 1950 honores
651 1899 784 1950 sociorum

89 1967 119 2017 in
129 1967 174 2016 ira
184 1966 317 2018 adversus
328 1965 437 2018 hostem
448 1965 573 2031 fueram,
584 1966 784 2020 Atheniensium

90 2036 139 2098 tis,
149 2036 284 2102 navigant
294 2051 312 2086 a
325 2034 443 2087 Piraeeo
455 2037 588 2089 Andrum·
616 2037 654 2088 Et
666 2054 750 2105 quum
762 2040 784 2088 ir

92 2120 174 2173 quam
185 2105 345 2157 Gaurelcon
356 2113 471 2171 vocant,
494 2106 700 2171 constitissent,
722 2107 784 2159 miss

92 2179 235 2227 tentarent
246 2176 448 2242 oppidanorum
460 2176 576 2238 animos,
593 2178 618 2227 si
629 2177 775 2230 voluntate

92 2245 199 2306 urbem,
211 2259 293 2311 quam
302 2246 359 2298 vim
371 2247 501 2314 experiri,
512 2247 642 2311 mallcnt3
658 2254 784 2316 postqum

92 2315 167 2366 sidio
178 2315 257 2382 regio
270 2330 361 2369 arcem
371 2318 473 2379 teneri,
489 2331 581 2368 nense
592 2319 744 2384 potcstatis
755 2334 784 2370 su

92 2385 314 2451 respondebant3
335 2386 471 2454 expositis
494 2387 591 2453 copiis,
612 2390 741 2456 omnique
761 2405 784 2456 a]

92 2455 203 2506 urbium
214 2457 472 2524 oppugnandarum,
493 2456 610 2508 diversis
622 2461 747 2523 pastibus
759 2475 784 2511 rc

92 2531 172 2593 gatus
186 2524 328 2578 Romanus
350 2527 385 2577 ad
396 2526 491 2576 urbem
502 2527 628 2579 subcunt.
665 2529 731 2580 Plus
754 2530 784 2580 al¹

93 2597 216 2648 Graecos
227 2597 353 2647 Romana
364 2598 444 2664 signa
455 2611 586 2664 armaque
608 2613 662 2648 non
685 2607 748 2651 ante
765 2618 780 2649 s·

92 2667 185 2732 miquo
195 2667 324 2726 militum,
345 2673 401 2716 tam
413 2673 542 2731 prompte
566 2669 773 2720 succedentium

87 2741 220 2784 terruere,
256 2737 356 2801 itaquo
368 2735 436 2803 iuga
448 2738 589 2806 extempio
601 2739 629 2788 in
645 2755 737 2790 nucem
752 2740 784 2788 fn

67 2798 251 2854 amendatos
257 2805 360 2872 potiti.
397 2808 440 2862 Et
449 2807 478 2862 in
491 2825 559 2866 aroc
576 2825 664 2880 qnnm
675 2810 784 2860 hihnnn
