1838 2954
249 39 547 67 ,..-.„......-..„..,
565 39 617 53 .,,.,

29 173 99 241 quin
108 172 240 238 operibus
251 187 284 224 ac
295 170 432 223 machinis
442 172 527 224 simul
543 171 621 224 undi-

10 243 220 311 ggrederentur
230 243 309 294 urbis
320 243 391 294 sitae
402 242 431 293 in
442 245 536 310 plano,
544 257 623 310 aper·

12 312 160 379 iundique
171 313 262 365 aditu:
285 312 349 364 aliis
361 329 432 365 nunc
443 314 516 366 vires
537 314 622 374 urbis,

10 383 95 435 ’beris
107 382 539 445 conferendae,memorantibus:
551 398 624 435 nunc

10 469 103 521 empus
121 454 187 505 anni
202 454 274 505 nulli
294 452 414 505 bellicae
436 455 491 517 rei,
511 454 624 505 minime

10 540 56 594 pue
74 523 278 593 oppugnationi
297 523 421 585 urbium,
442 532 547 592 aptum.
582 524 624 575 ln·

10 600 53 646 ter
67 610 146 661 spem
164 600 324 661 metumque
346 593 433 661 legati
454 592 625 657 anarsalo‚

10 665 85 717 udam
101 665 198 716 urbem
213 680 291 716 suam
306 662 382 716 sorte
396 670 545 727 venerant,
566 664 626 716 ani·

13 741 36 785 t.
63 734 104 785 M.
118 735 237 783 Baehim
246 735 369 797 interim,
380 750 442 786 cum
453 735 585 802 Philippo
597 734 625 783 in

10 816 180 871 :engressus‚
202 802 411 867 Apelandium
432 819 467 855 ex
486 804 626 855 communi

11 871 167 925 raesidium
179 870 310 923 Larissae
321 871 408 933 misit,
418 871 468 937 qui
477 886 528 938 per
534 874 626 925 Mace·

11 946 49 994 sis
60 942 206 993 itineribus
222 942 251 992 in
265 941 362 1006 iugum
377 940 532 1003 montium,
554 942 626 1008 quod

14 1018 91 1075 sest,
103 1010 235 1079 pervenit.
272 1009 416 1076 Oppidum
422 1008 517 1061 Gonni
526 1010 627 1078 viginti

11 1085 82 1136 rissa
94 1081 180 1145 abest,
189 1082 219 1133 in
230 1079 300 1147 ipsis
315 1078 444 1131 faucibus
455 1080 628 1147 saltus‚quae

11 1154 124 1214 lentur,
135 1153 229 1203 situm.
241 1151 284 1203 lbi
295 1156 388 1202 castra
399 1156 521 1204 metatus
532 1150 628 1211 letius,

11 1222 73 1291 piis,
84 1229 113 1275 et
123 1222 232 1288 plures,
252 1236 334 1287 quam
347 1227 414 1287 quot
425 1222 493 1274 satis
505 1222 534 1273 in
547 1236 627 1273 usum

12 1309 96 1361 quum
109 1292 291 1353 accendisset,
303 1292 437 1357 speciem,
448 1308 531 1361 quam
544 1308 629 1361 quse·

11 1362 107 1427 isselt,
129 1361 455 1415 omnemibiRomanum
475 1364 629 1415 exercitum

11 1434 106 1500 lilippo
118 1448 188 1486 esse.
198 1431 296 1498 ltaque
307 1430 427 1484 hiemem
438 1432 545 1484 instare
556 1431 629 1498 apud

11 1520 31 1554 ts
42 1519 105 1566 rex,
125 1518 208 1553 unum
221 1508 331 1554 tantum
343 1508 468 1553 moratus
485 1503 573 1561 diem,
594 1502 629 1551 al»

12 1574 77 1636 ssit,
99 1579 128 1625 et
137 1573 349 1624 Demetriadem
362 1572 459 1625 rediit:
481 1571 629 1637 Aetolique

11 1645 71 1696 sin
87 1659 151 1695 suos
166 1649 331 1710 receperunt
350 1659 381 1695 se
403 1644 480 1693 lines.
515 1641 629 1709 Appius,

11 1715 45 1767 ·ei
56 1730 141 1766 causa
151 1714 253 1765 missus
264 1719 341 1774 erat,
363 1712 483 1763 solutam
498 1714 629 1765 cernebat

23 1793 117 1837 tannen
126 1784 271 1836 Larissam
284 1783 318 1834 ad
331 1783 539 1834 confirmandos
550 1783 578 1833 in
589 1798 630 1834 re·

11 1872 79 1906 rrum
92 1855 198 1906 animos
210 1853 367 1905 descendit:
382 1853 540 1920 duplexque
551 1853 630 1905 laeti·

15 1926 32 1976 d
45 1933 73 1977 et
84 1925 178 1976 hostes
191 1929 369 1976 excesserant
382 1924 497 1987 linibus,
518 1930 546 1976 et
556 1924 631 1975 intra

13 1996 112 2046 sidium
125 1996 278 2046 Romanum
290 1997 450 2047 cernebant.

11 2065 162 2117 Chalcidem
177 2081 193 2114 a
206 2065 384 2116 Demetriade
395 2063 631 2131 profectus‚amo·

11 2135 109 2204 irginis
130 2134 321 2186 Chalcidensis
342 2136 529 2202 Cleoptolemi
550 2134 633 2189 filiae,

12 2223 45 2268 n,
68 2205 156 2271 primo
169 2204 330 2271 allegando,
350 2206 450 2258 deinde
463 2220 556 2257 eorunm
574 2203 632 2265 ipse

12 2276 151 2343 itigasset,
173 2276 291 2325 invitum
303 2291 333 2326 se
349 2279 487 2344 gravioris
505 2273 633 2323 fortunae

18 2344 281 2412 ligantem‚tandem
293 2345 444 2413 impetrata
454 2348 632 2404 nonunquam

12 2432 36 2467 :e
50 2416 160 2480 nuptias
172 2415 307 2466 celebrat:
332 2425 360 2468 et
371 2416 508 2480 reliquum
527 2406 634 2458 hiemis.

12 2477 630 2553 uassnnuldnmressuscepissennellumun

13 2556 136 2608 raeeiam
149 2556 342 2624 liberandam,
356 2557 466 2612 omissa
475 2550 661 2606 ouxnnumre-
