1838 2954
60 39 176 79 ΔᾸῊΙῐ
182 39 225 77 UA
233 41 259 79 Ρ.
272 39 361 79 10.10.
374 39 663 96 [tl.u.oc2.A.t;.1po.]
679 39 732 81 321

42 100 731 188 mummi

24 202 113 243 iussus
128 186 220 252 suus,
240 195 270 245 et
287 189 383 242 omniu
398 203 459 241 cum
474 189 511 241 iis
525 191 733 244 communicare

24 270 55 309 c.
86 257 231 321 civitates,
247 273 314 325 quus
327 264 536 325 praetervectus
547 266 598 324 est,
608 260 734 325 Miletus,

23 340 58 389 ss,
70 326 295 392 Halicarnassus,
306 329 389 392 Cous,
399 328 510 393 Cnidus,
523 329 663 398 imperatu
674 332 732 384 eni·

23 401 109 447 eruut.
145 396 275 449 Rhodum
286 404 317 449 ut
328 406 371 451 est
380 404 508 463 uentum,
531 401 673 464 simulet,
696 400 730 452 au

23 479 79 518 rem
89 464 191 519 missus
202 474 284 530 esset,
290 468 327 519 iis
337 469 477 534 exposuit,
488 475 517 521 et
527 471 665 523 consuluit
675 486 731 524 eos.

23 535 153 588 banosus
167 537 287 600 cunctis,
309 543 338 591 et
354 537 390 589 ud
403 553 479 602 eum,
504 552 585 607 quem
603 539 732 604 habebut,

23 619 45 657 m
55 605 208 673 assumptis
219 607 309 660 tribus
320 607 551 674 quadriremibus,
561 610 733 676 navigatPa·

23 672 109 731 ltine
119 676 256 729 secundus
267 683 366 729 ventus
377 677 413 731 ad
422 679 512 746 ipsam
519 681 617 733 urbem
623 678 734 734 fouebat

23 746 227 825 pontumque,
247 747 339 797 subito
356 753 465 803 terrore
475 749 584 818 aliquid
595 756 732 804 moturos.

23 826 92 876 mm,
113 820 319 880 circumagente
337 828 368 866 se
382 824 480 879 vento,
499 820 629 871 fluctibus
640 820 732 874 dubiis

23 886 145 949 septum
156 888 200 935 est
210 898 300 945 marc,
320 883 496 950 pervicerunt
515 887 626 950 quidem
637 889 732 952 remis,

23 956 99 1007 urent
109 957 227 1005 terrum:
249 953 299 1004 scd
310 967 398 1020 neque
410 952 486 1003 circe
496 954 593 1005 urbom
604 957 666 1005 tutu
677 964 733 1009 stu-

23 1026 62 1084 st,
84 1036 135 1073 uec
152 1028 219 1074 suto
230 1023 332 1074 ostium
348 1026 445 1086 portus
456 1021 485 1071 iu
497 1021 559 1073 selo
569 1026 645 1074 stare
656 1030 735 1089 pote·

23 1104 112 1158 sporo
122 1091 202 1153 muri,
212 1097 242 1143 et
254 1095 337 1142 nocte
348 1090 518 1143 imminente.
545 1089 733 1144 Prostervecti

23 1175 54 1224 u,
69 1165 182 1228 portum
191 1160 395 1222 Phoenicunta,
414 1159 505 1211 miuus
517 1159 603 1211 duum
615 1161 734 1215 millium

30 1229 98 1285 iude
108 1229 270 1293 distantem,
286 1231 402 1298 potiere,
417 1229 535 1283 novibus
546 1231 582 1284 ab
593 1232 736 1287 maritime

23 1315 70 1353 ιιηι
91 1299 143 1353 sed
155 1301 230 1353 altus
239 1303 352 1368 insuper
362 1299 543 1354 imminebant
552 1317 645 1370 rupes,
667 1318 734 1370 quus

23 1385 58 1423 ou
69 1370 211 1439 oppidani,
220 1371 369 1438 assumptis
380 1371 465 1438 regiis
475 1370 622 1435 militibus,
630 1388 699 1440 quos
704 1373 736 1427 iu

23 1440 71 1494 (lio
80 1440 229 1502 habebant,
240 1447 378 1508 ceperunt.
397 1441 535 1493 Adversus
547 1457 615 1509 quos
626 1443 735 1506 Livius,

23 1526 87 1565 uam
108 1516 188 1563 crant
202 1511 297 1578 iniqua
312 1527 344 1563 ec
360 1511 486 1563 difficilia
502 1510 537 1563 ad
555 1513 646 1563 exitus
661 1512 735 1574 loco,

25 1580 201 1636 sauxiliares
211 1581 461 1650 etSmyrnsoorum
470 1580 735 1647 expeditosiuvenos

53 1650 87 1713 li,
105 1650 171 1701 dum
183 1651 334 1702 missilibus
346 1652 437 1719 primo
449 1658 477 1703 ot
490 1651 622 1703 adversus
632 1665 736 1717 paucos

24 1736 38 1773 s
50 1721 459 1775 excursionibusiuecssobstur
469 1721 569 1790 magis,
581 1735 662 1788 quom
674 1735 736 1772 oon-

23 1796 86 1854 stur,
97 1806 200 1858 pugna,
212 1792 402 1844 sustinuerunt
412 1799 565 1855 certamen:
588 1796 737 1858 postquem

23 1877 26 1909 ι
43 1860 78 1912 ab
93 1863 162 1914 urbe
179 1860 341 1923 affluebant,
362 1868 390 1913 et
408 1862 465 1913 iam
483 1861 574 1912 omnis
585 1860 736 1911 multitudo

23 1930 134 1993 ebatur,
145 1930 231 1981 timor
239 1929 354 1982 incessit
363 1931 483 1992 Livium,
500 1945 535 1982 ne
546 1934 575 1981 et
586 1930 737 1982 auxiliares

23 2000 212 2062 munirentur,
234 2005 262 2050 et
272 2001 389 2053 novibus
401 2002 487 2052 otiam
498 2000 533 2050 ab
544 2004 621 2052 terro
632 2003 738 2067 pericu-

23 2075 90 2123 sset:
112 2070 153 2120 its
164 2084 219 2121 non
230 2070 333 2120 milites
344 2070 450 2132 solum,
468 2068 517 2122 soti
528 2069 613 2121 etium
624 2070 738 2122 navales

23 2156 40 2202 ι,
63 2140 199 2207 remigum
222 2141 346 2200 turbam,
369 2140 468 2206 quibus
491 2139 607 2206 quisque
628 2143 739 2205 poterat

23 2216 146 2261 armatos
156 2210 185 2260 in
197 2210 333 2276 proelium
345 2208 449 2260 eduxit.
485 2209 559 2259 Tum
571 2224 625 2275 quo
645 2224 679 2261 uo
692 2222 740 2257 an-

23 2295 113 2347 pugnu
128 2279 194 2342 fuit3
214 2294 302 2344 neque
318 2278 423 2330 milites
439 2277 529 2329 solum
545 2227 667 2342 aliqu&
688 2273 739 2326 scd

23 2350 111 2401 ustius
128 2348 311 2400 tumultuario
326 2347 435 2413 proelio
447 2346 555 2400 eccidit.
591 2346 737 2396 Postremo

23 2440 27 2469 l
47 2417 103 2470 iusi
122 2416 266 2485 fugatique
285 2424 350 2470 sunt
370 2417 469 2486 Lycii,
493 2421 579 2482 atoue.
595 2416 629 2466 in
643 2413 750 2488 nubum

23 2489 82 2541 slsis
103 2494 134 2541 et
145 2487 265 2542 Romoni
288 2505 353 2543 cum
367 2487 452 2545 bousb
463 2488 624 2540 inomnnsn
636 2482 783 2546 uictum·

23 2572 66 2608 res
79 2558 241 2616 redierunt.
279 2562 354 2619 lude
371 2563 406 2619 ‘uu
418 2556 646 2623 Telmist'mim
656 2543 803 2619 ἳῖὼὼ,

23 2639 57 2677 m.
73 2628 149 2686 Tou.
159 2631 175 2684 l
177 2632 215 2690 V.
543 2627 583 2680 Ἃ
