1838 2954
9 86 204 165 maximi.
216 106 393 165 emanas
404 106 768 181 [uesanosque

9 217 40 265 te
61 212 163 266 evenit.
199 213 349 267 Praetores
378 212 478 266 deinde
499 213 594 266 sortiti
615 219 691 279 sunt,
721 214 769 284 Sp.

9 283 122 335 stamius
132 283 250 336 Albinus
260 284 397 336 urbanam
408 288 438 335 et
447 283 523 336 inter
533 285 712 353 peregrinos,
730 285 770 336 M.

9 354 142 420 npronius
161 354 318 406 Tuditanus
338 353 481 417 Siciliam,
502 354 535 416 Q.
558 353 661 406 Fabius
677 355 771 407 Pictor

9 438 63 476 nen
74 423 228 485 Quirinalis
240 424 410 488 Sardiniam,
433 424 466 486 Q.
479 422 582 476 Fabius
592 424 688 478 Labeo
701 425 771 478 clas-

9 509 39 556 s,
57 492 92 546 1..
108 493 236 547 Plautius
252 497 404 563 Hypsaeus
420 493 585 561 Hispaniam
601 495 772 560 citeriorem,

9 561 135 617 Baebius
149 565 236 618 Dives
256 565 425 632 Hispaniam
447 563 620 618 ulteriorem.
658 564 772 618 Siciliae

9 631 39 685 io
49 648 106 686 uns
116 639 146 687 et
158 635 265 700 elassis,
276 651 348 703 quae
358 635 432 686 inea
443 635 588 701 provincia
598 641 669 698 erat,
679 635 774 688 deere-

28 707 59 755 et
71 708 104 756 ut
118 703 190 757 dass
205 705 337 759 decumas
350 704 486 758 frumenti
502 720 591 758 novus
601 710 715 774 praetor
724 707 774 756 im·

9 778 75 826 arat
84 772 200 827 Siculis:
222 790 319 829 earum
329 776 448 829 alteram
457 776 488 827 in
499 775 603 839 Asiam,
615 775 732 829 alteram
743 775 774 825 in

9 842 103 899 :oliam
119 845 255 899 mitteret.
290 846 368 898 Idem
380 846 414 898 ab
425 844 522 897 Sardis
534 845 624 913 exigi,
643 852 727 913 atque
737 843 775 894 ad

9 912 79 966 idem
95 916 240 987 exereitus
251 915 282 969 id
296 916 480 977 frumentum,
501 913 540 966 ad
554 929 623 982 quos
639 913 775 976 Siculum,

9 985 111 1047 sonari
123 985 238 1038 iussum.
274 986 309 1039 L.
319 985 427 1037 Baebio
447 983 671 1050 supplementum
682 983 712 1035 in
723 983 775 1034 lli·

9 1053 91 1106 miam
103 1054 198 1107 datum
211 1056 291 1108 mille
302 1054 424 1108 Romani
434 1053 558 1120 pedites,
577 1053 687 1120 equites
698 1052 776 1120 quin·

9 1123 115 1205 aginta,
135 1131 225 1181 etsex
233 1126 325 1178 millia
332 1124 458 1194 peditum
471 1123 568 1175 Latini
577 1121 707 1186 nominis,
728 1121 777 1172 du·

9 1193 169 1261 inequites.
204 1195 319 1248 Plautio
331 1196 468 1264 Hypsaeo
482 1193 512 1244 in
523 1192 692 1262 Hispaniam
706 1192 776 1245 eite-

9 1277 70 1315 rem
85 1262 164 1316 mille
172 1264 294 1317 Romani
307 1264 374 1317 dati
386 1269 452 1317 sunt
466 1262 587 1330 pedites,
608 1263 664 1315 duo
682 1262 777 1314 millia

9 1331 72 1383 :ium
82 1330 181 1385 Latini
191 1335 326 1398 nominis,
347 1333 504 1388 etdueenti
514 1334 637 1401 equites:
659 1330 776 1386 oambis

9 1401 167 1469 *plamantis
187 1410 220 1457 nt
238 1405 363 1472 singulas
383 1403 511 1470 legiones
534 1403 606 1456 duae
620 1402 776 1470 Hispaniae

9 1478 107 1525 nerent.
131 1472 238 1525 Prioris
250 1475 315 1527 anni
327 1474 548 1543 magistratibus,
560 1475 591 1525 G.
601 1472 701 1541 Laelio
714 1486 777 1523 oum

9 1557 15 1592 s
36 1542 162 1595 exercitu
182 1551 365 1613 prorogatum
385 1545 416 1596 in
438 1558 540 1595 annum
559 1541 706 1609 imperium
724 1547 776 1593 est.

9 1618 152 1680 nrogatum
168 1620 197 1666 et
207 1613 238 1666 P.
249 1615 329 1668 lunio
346 1613 526 1683 propraetori
542 1613 572 1664 in
582 1612 699 1664 Etruria
715 1626 777 1663 cunr

17 1682 158 1746 exercitu,
179 1683 229 1750 qul
247 1685 279 1736 in
297 1684 445 1753 provincia
461 1688 548 1748 esset;
571 1687 601 1736 et
614 1682 654 1736 M.
670 1682 776 1734 'luecio

9 1753 142 1818 »praetori
151 1753 180 1803 in
189 1753 311 1807 Bruttiis
322 1761 351 1808 et
361 1754 471 1822 Apulia.
606 1797 607 1801 ,

16 1821 64 1874 Ll.
84 1822 248 1890 Priusquam
259 1825 289 1876 in
299 1825 458 1893 provincias
468 1827 614 1891 praetores
624 1822 707 1887 irent,
718 1838 777 1876 eer-

9 1906 60 1944 aeu
75 1892 150 1945 iuter
164 1892 195 1945 P.
212 1894 356 1946 Licinium
375 1894 538 1961 pontificem
553 1895 705 1946 maximum
721 1891 777 1944 fuit

9 1961 40 2023 Q.
49 1961 168 2016 Fabium
178 1962 319 2017 Pictorem
330 1964 470 2017 flaminem
483 1963 671 2028 Quirinalem,
693 1963 775 2032 quale

9 2046 76 2082 :rum
96 2035 231 2086 memoria
250 2037 325 2088 inter
340 2034 373 2086 L.
388 2034 536 2088 Metellum
558 2041 586 2088 et
600 2033 776 2087 Postumium

9 2101 95 2153 sinum
110 2102 211 2155 iuerat.
249 2105 398 2157 Consulem
413 2105 511 2168 illum,
534 2121 596 2158 eum
612 2106 642 2157 C.
657 2104 775 2156 Lutatio

10 2172 75 2239 lega
85 2172 116 2222 in
127 2172 254 2226 Siciliam
265 2175 301 2226 ad
315 2175 433 2228 classem
444 2176 675 2242 proticiscentem,
685 2172 722 2223 ad
733 2185 776 2221 sa·

9 2262 14 2293 t
28 2241 182 2295 retinuerat
192 2244 326 2297 Metellus
342 2245 472 2311 pontifex
489 2246 642 2306 maximus3
663 2246 775 2307 praeto·

9 2327 25 2361 a
37 2309 122 2374 hune,
143 2329 178 2365 ne
194 2315 224 2365 in
235 2313 393 2367 Sardiniam
404 2315 640 2382 proficisceretur,
659 2310 690 2362 P.
702 2309 776 2362 Liei·

9 2397 27 2432 rs
36 2384 137 2435 tenuit.
151 2384 190 2434 Et
200 2385 230 2435 in
241 2392 348 2447 senatu,
359 2390 388 2436 et
398 2383 435 2435 ad
447 2383 582 2451 populum
591 2383 781 2445 magnisona-

9 2451 136 2504 sionibus
153 2460 292 2509 certatum
308 2460 369 2523 est·,
391 2459 422 2509 et
434 2453 567 2521 imperia
575 2444 808 2508 inunitam

9 2535 93 2588 vimi
114 2527 398 2600 “pigner-anapia,
416 2525 581 2583 strenuitas
592 2519 713 2572 dietae,
731 2506 808 2568 *³³5

9 2590 180 2664 'meum’
202 2607 236 2654 et
246 2610 457 2674 provocatum
470 2597 516 2652 ad
523 2590 685 2669 popubpm
694 2561 808 2683 9»ὶῖἑέ

9 2679 10 2694 ’
22 2660 62 2712 “d
71 2673 271 2731 Postremum
281 2677 385 2744 vicit,
409 2681 450 2730 ut
462 2672 554 2757 dioto
568 2659 714 2716 audiens
724 2655 747 2688 ’ὃ
