1838 2954
23 32 113 57 ΙἹἮ

49 104 126 159 lala·
136 94 280 159 fflVll.
289 105 366 160 Car.
374 102 417 159 ³2.
425 103 468 161 33.
475 105 555 175 [1100.
566 103 698 162 senae.
707 107 774 176 eqo]
786 106 837 162 339

23 314 26 321 ·
51 280 208 335 troadem
222 278 390 344 eruditione,
411 296 464 348 qua
480 280 562 348 priua
576 279 606 333 0.
619 281 696 335 Livii
714 283 743 336 io
753 282 838 352 fidem

24 348 185 412 mmmm,
195 365 223 404 ae
233 349 368 402 tradendi.
403 348 482 401 Haeo
493 365 576 416 quum
588 351 741 414 audissent,
763 354 839 418 quin·

28 434 90 489 que
100 418 211 473 dierum
220 418 311 485 spatio
324 418 360 470 ad
369 412 578 470 deliberandum
591 428 712 488 sumpto,
731 427 840 474 tentata

23 488 149 545 interim
167 502 218 555 spe
237 488 337 540 auxilii
355 488 390 539 ab
409 486 572 553 Antiocho,
585 496 731 557 postquam
752 489 840 559 legati

23 558 116 615 aioni
127 554 166 611 ab
174 569 279 625 regem,
289 556 359 609 nihil
368 557 398 609 in
410 572 444 609 eo
455 573 516 609 esse
525 560 666 624 praesidii,
672 558 839 613 retulerant:

23 633 95 681 tam
106 632 205 695 portas
214 633 390 693 aperuerunt,
397 627 471 693 pacti
482 642 517 679 ne
527 628 593 694 quid
603 626 706 682 hostile
713 635 839 696 paterer·

23 704 91 751 tur.
127 694 219 759 Quum
229 696 349 765 signain
367 698 465 749 urbem
479 695 657 762 inferrentur,
678 703 707 751 et
721 712 840 764 pronun·

23 768 139 823 timet
166 765 354 832 raetor,parei
364 764 509 818 sedebitis
519 767 840 835 relle,elamorunslique

24 834 142 893 attauh
224 868 233 897 ,
262 833 405 904 indignum
426 835 542 906 saunas
562 853 630 900 erte,
650 836 841 900 Phocaeenser,

23 920 174 974 nuquam
184 903 716 988 firorroaor,umperinsesrostorret,
733 907 841 974 impune

28 976 172 1030 elatiora·
190 972 232 1025 Ab
243 970 296 1024 hae
305 987 386 1036 voee,
405 973 483 1025 reiut
495 990 575 1040 signo
587 991 604 1026 a
617 982 746 1041 praetore
763 976 840 1038 datto,

29 1044 73 1101 ad
83 1041 272 1111 diripiendam
283 1040 379 1094 urbem
395 1043 499 1110 passim
517 1043 716 1096 discurrerunt.
751 1047 842 1098 henri-

26 1117 93 1169 lia·
102 1114 196 1181 primo
206 1111 338 1165 resistere
349 1117 378 1165 et
386 1126 530 1174 revocare,
542 1112 779 1181 dicendaeaptar,
789 1133 843 1167 aon

26 1183 156 1247 ledaea,
166 1181 252 1250 diripi
261 1180 355 1233 urbes.-
365 1190 393 1233 et
401 1180 432 1234 in
440 1179 482 1232 aa
493 1189 583 1235 tornea
593 1182 777 1251 imperatoria,
789 1200 843 1243 reon

23 1252 173 1317 militen,
193 1250 340 1305 arbitrium
351 1266 414 1303 erae.
449 1249 600 1320 Postquam
617 1253 660 1305 ira
676 1259 705 1305 et
723 1251 843 1305 avaritia

25 1322 158 1391 imperio
177 1321 337 1388 potentiora
357 1330 450 1383 erant,
469 1321 654 1387 praeconibus
675 1336 726 1388 per
746 1321 844 1375 urbem

25 1392 140 1455 missis,
151 1391 254 1443 liberos
265 1404 360 1442 omnes
370 1390 399 1440 in
412 1389 503 1441 forum
516 1391 551 1442 ad
561 1407 592 1443 se
602 1392 747 1444 convenire
757 1392 843 1453 iubet,

24 1478 69 1517 ne
80 1461 271 1514 violarentur:
283 1465 312 1511 et
324 1460 353 1510 in
365 1461 502 1525 omnibus,
513 1476 583 1527 quae
593 1462 682 1528 ipsius
693 1461 843 1527 potestatis

26 1534 162 1591 fueruat,
173 1530 242 1582 fides
255 1528 382 1581 constitit
393 1531 539 1597 praetoris.
577 1530 686 1593 Urbem,
696 1544 841 1596 agrosque,

29 1608 63 1656 et
75 1616 145 1652 suas
162 1599 238 1665 leges
253 1598 287 1649 iis
308 1599 445 1651 restituit:
467 1607 509 1662 ot,
530 1599 595 1666 quia
613 1602 669 1652 iam
689 1598 777 1651 hiems
797 1614 843 1664 ap·

28 1671 167 1741 petebat,
185 1668 329 1721 Phocaeae
338 1675 437 1736 portus
448 1669 483 1721 ad
494 1668 692 1722 hibernandum
704 1667 788 1720 classi
799 1667 844 1718 tle·

30 1744 63 1795 le
86 1741 120 1791 it.

36 1846 39 1851 -
62 1757 280 1861 glilllllll.Prr
291 1806 365 1858 idem
376 1807 435 1862 iere
446 1813 556 1875 tempus
569 1808 684 1871 consuli,
694 1811 846 1877 transgres-

31 1897 70 1937 so
81 1878 232 1931 Aeniorum
248 1877 507 1945 Maronitarumque
528 1879 611 1939 fines,
633 1877 790 1940 nuntiatur,
808 1877 847 1927 ri-

32 1959 115 2004 ctam
127 1947 233 2014 regiam
246 1946 362 1999 classem
377 1948 412 1999 ad
424 1947 624 2014 Myonnesum,
639 1947 819 2013 relictamque
831 1961 848 1995 a

31 2017 184 2090 praesidio
194 2015 400 2083 Lysimachiam
413 2033 481 2068 esse.
512 2017 542 2068 ld
555 2016 651 2079 multo,
662 2032 744 2084 quam
755 2016 789 2067 de
801 2031 848 2066 rra·

33 2087 99 2141 vali
109 2087 244 2148 uictoria,
254 2086 357 2137 laetius
368 2085 435 2136 fuit:
457 2086 551 2152 utique
564 2093 711 2153 postquam
725 2102 757 2139 eo
769 2101 848 2137 rene-

35 2163 122 2218 runt,
141 2156 300 2221 refertaque
318 2158 382 2208 urbs
399 2155 520 2206 omnium
536 2171 629 2207 rerum
640 2157 849 2213 commeatibus,

36 2226 121 2281 reiut
132 2229 159 2276 in
171 2225 316 2276 adrentum
329 2224 468 2276 exereitus
478 2228 659 2291 praeparatis,
667 2240 715 2277 eos
727 2223 850 2286 excepit,

37 2297 92 2351 ubi
101 2295 224 2362 inopiam
236 2294 364 2346 ultimam
376 2294 556 2360 laboremque
567 2295 595 2345 iu
612 2293 766 2360 obsidentia
781 2290 850 2340 urbe

35 2367 96 2421 sihi
108 2369 320 2433 proposuerant.
356 2364 398 2415 lbi
414 2379 518 2430 paucos
530 2363 589 2415 (lies
601 2365 705 2414 stativa
717 2360 848 2418 habuero,

35 2445 70 2491 ut
80 2435 283 2502 impedimenta
294 2435 424 2500 aegrique
437 2438 677 2499 consequerentur,
684 2429 731 2495 qui
742 2429 848 2503 passim

34 2523 91 2576 per
102 2506 198 2558 omnia
209 2503 347 2555 Thraciae
358 2504 493 2567 castella,
515 2501 587 2555 lessi
596 2501 707 2553 moinus
717 2513 755 2549 ae
763 2497 875 2563 huxara·⁸

32 2577 134 2629 tudine
144 2575 212 2636 rrae,
223 2572 318 2623 relicti
330 2583 422 2628 erant.
442 2574 585 2644 Receptis
596 2566 889 2627 ammonuimus&

23 2655 123 2692 rursus
140 2640 200 2691 iter
214 2655 273 2706 per
283 2638 518 2714 Chersonesum,
535 2642 787 2707 Hellespontum
800 2631 901 2693 hm*

611 2710 689 2767 Y‘l.
