1838 2954
65 150 97 199 ae
217 149 250 199 r.
273 145 379 198 mvn
397 143 717 212 [U.C.552.A.C.2oo.]

68 231 168 244 ..ι-Μ

64 256 137 307 balis
149 260 308 304 attenuatae
318 253 393 302 vires
406 251 464 302 eius
480 250 604 301 coloniae
622 257 709 312 erant,
726 252 754 300 C.
767 254 806 302 Te

67 330 122 376 tius
142 323 242 384 Varia,
264 325 297 373 Τ.
319 323 465 383 Quinctius
486 320 669 383 Flamininus,
681 319 711 370 P.
724 321 806 372 Curnr

68 397 115 446 Cn.
126 392 157 442 F.
168 392 272 457 Scipio.
308 391 348 441 Hi
367 391 482 442 colunes
502 387 653 441 Venusiam
675 390 806 457 ascripsel

68 461 258 514 llademanuo
281 461 310 511 G.
328 461 472 512 Cornelius
494 460 640 526 Cethegus,
663 461 806 526 quiprueu

69 531 235 598 Hispaniam
248 529 399 592 obtinebat,
408 544 539 596 magnum
551 528 672 579 hostium
682 531 805 582 exercitu

69 615 138 669 agro
150 598 288 652 Sedetano
299 599 381 650 ludit.
406 599 569 660 Quindecim
580 598 671 648 millia
682 599 806 666 Hispane

70 685 104 722 eu
116 670 224 736 proelio
237 669 367 720 dicuutur
378 684 468 729 caesa,
480 668 561 734 signa
570 667 794 736 militariaeapta

70 746 98 792 et
109 740 294 806 septuaginta.
333 740 361 790 C.
374 738 502 790 Aurelius
526 737 631 799 consul,
649 752 732 803 quum
753 754 788 790 ex

68 809 287 860 vinciaRomam
308 808 482 859 comitiorum
498 823 582 858 causa
600 809 737 869 venisset,
757 822 806 859 nor

70 879 143 946 quod
154 878 254 930 animis
266 883 478 944 praeceperant,
495 883 608 942 questus
624 882 686 938 est,
708 875 737 927 N
738 895 772 930 oa
783 895 806 930 es

69 957 174 1000 etatum
185 964 211 999 ee
223 946 256 999 ab
266 955 376 1011 renata,
390 962 474 1013 neque
495 945 661 1012 disceptandi
675 962 735 998 cum
742 962 806 1013 pras

70 1017 173 1070 rantuli
188 1025 355 1085 patestatem
368 1016 496 1088 saetam:
516 1015 564 1066 sed
585 1014 627 1066 ita
643 1015 806 1082 triumphum

69 1104 156 1140 creare
166 1095 299 1149 senatum,
319 1094 350 1137 ut
361 1085 470 1146 nullius,
488 1083 541 1136 uisi
552 1085 619 1147 einr,
632 1085 679 1152 pul
690 1085 806 1154 triumpl

68 1173 116 1209 rue
127 1166 204 1221 erret,
217 1156 291 1208 bared
301 1171 408 1219 eorum,
428 1154 475 1220 qui
487 1154 552 1206 bello
568 1153 774 1225 interfuissent,
794 1173 806 1209 e

69 1227 187 1279 audiret.
223 1225 343 1277 Maiores
353 1225 414 1276 ideo
422 1223 586 1286 instituisse,
608 1223 751 1305 utlegats’,
773 1234 806 1276 tn

69 1295 197 1357 militum,
217 1293 502 1355 centurieaee,milites
514 1293 627 1360 denique
648 1293 806 1360 triumphu«

69 1373 152 1424 serm⁴
168 1362 356 1417 alacritatem
375 1371 618 1430 rerumgestarum
628 1362 699 1426 eiua,
719 1364 765 1415 aui
781 1373 806 1416 ta

69 1433 152 1485 donar
163 1430 318 1494 iuberetur,
327 1434 441 1499 populus
453 1431 592 1484 Romanus
602 1431 715 1484 rideret.
752 1433 806 1503 Εες

71 1521 104 1556 ex
114 1520 145 1555 eo
155 1501 286 1564 exercitu,
298 1501 345 1568 qui
355 1516 414 1553 rum
425 1501 513 1553 Gallis
519 1501 697 1571 pugnaverit,
709 1502 733 1553 ei
743 1519 797 1557 noa

72 1582 133 1636 tem,
144 1572 228 1626 liram
239 1574 335 1624 saltem
344 1570 444 1643 fuisse,
456 1587 532 1640 quem
543 1570 725 1638 percunctari
735 1588 806 1639 pora

70 1651 162 1705 autur,
173 1643 239 1710 quid
247 1640 305 1693 reri
311 1649 426 1709 praetor
436 1640 530 1692 ueniae
541 1642 675 1712 referret?
693 1642 805 1694 Cumitii

70 1711 136 1763 indu
148 1712 221 1762 diem
233 1711 336 1762 edixit:
347 1709 445 1777 quibus
456 1710 542 1761 creati
552 1717 616 1760 sunt
627 1711 755 1762 consules
765 1711 799 1764 L.

70 1780 163 1832 nelius
173 1779 318 1841 Lentulus,
331 1779 361 1830 Ρ.
372 1777 475 1830 Villius
481 1780 633 1846 Tappulus.
651 1779 800 1833 Praetores

71 1849 140 1900 iacti
154 1848 188 1899 L.
201 1848 347 1909 Quinctius
359 1848 541 1909 Flamininus,
563 1849 594 1900 L.
605 1847 737 1901 Valerius
747 1851 806 1904 Fla

73 1918 104 1970 L.
116 1916 220 1995 Villius
231 1916 385 1983 Tappulus,
397 1917 445 1968 Cn.
456 1917 577 1969 Baebius
588 1916 762 1985 Tamphilus.

124 1985 156 2038 L.
174 1988 291 2038 Annona
311 2000 418 2052 quoque
431 2001 464 2038 eo
485 2003 555 2038 anne
578 1989 689 2055 pervilis
708 1986 770 2042 fuit.

70 2056 158 2108 menti
168 2056 226 2106 vim
236 2071 365 2121 magnam
377 2055 512 2108 exAlriua
522 2057 667 2109 advectam
681 2058 787 2111 aediles
799 2079 806 2109 ι

69 2126 112 2178 les
123 2125 162 2177 M.
174 2124 306 2176 Claudius
317 2124 468 2176 Marcellus
479 2132 507 2177 et
518 2125 580 2179 Sex.
594 2128 806 2180 AeliusPaetus‘

71 2195 146 2247 aeris
156 2194 186 2245 in
197 2194 307 2246 modius
318 2196 421 2261 pupulo
435 2189 599 2247 diviserunt:
622 2205 650 2248 et
670 2197 752 2250 ludos
774 2198 806 2249 R<

70 2279 234 2332 nasmugnu
246 2271 383 2332 apparatu
401 2264 539 2318 iecerunt:
560 2266 633 2318 diem
643 2282 729 2318 unum
738 2267 806 2318 insta

70 2340 149 2386 mna
171 2335 253 2403 signa
265 2349 352 2387 aenea
363 2335 483 2403 quinque
500 2350 534 2387 ex
544 2335 703 2388 multaticio
718 2351 806 2402 argee

71 2404 181 2457 aerario
192 2410 356 2471 posuerunt.
392 2404 499 2457 Plebeii
515 2405 575 2456 ludi
586 2407 619 2457 ab
631 2406 769 2457 aedilibus
779 2406 804 2458 L

69 2474 806 2543 rentioMassiliotaetCn.Baebi0Tamphila,quemp

71 2551 163 2596 turem
174 2544 396 2613 designaverant,
406 2550 449 2596 ter
463 2544 517 2594 toti
527 2544 685 2596 instaurati.
709 2547 746 2597 Et
761 2542 806 2595 lud

65 2615 299 2667 nebrereaanne
318 2629 371 2682 per
382 2613 558 2684 quatriduum
579 2613 608 2664 iu
620 2615 696 2678 furo,
716 2616 806 2666 martir

59 2676 170 2731 Valerii
175 2682 413 2752 Laeuinicausa,
431 2683 491 2741 aP.
503 2684 667 2740 etfflnliis
681 2682 806 2738 elusium

7 2846 30 2914 ι
44 2898 48 2903 .
