1838 2954
10 39 344 86 austriacarum.
357 39 499 101 [EC-556.
509 39 534 86 A
552 39 658 105 0196.]
676 39 729 92 135

10 138 61 194 luci
70 139 107 191 ad
118 140 304 208 Lampsacum
314 141 528 209 oppugnandum
539 142 633 194 iussit.
671 144 695 194 Ν
698 158 730 196 ec

10 218 70 263 itum
87 212 227 262 terrebat:
248 209 311 272 sed,
333 226 383 276 per
403 212 514 279 legatos
536 212 638 265 leniter
659 214 730 266 allo·

10 279 33 331 lo
46 278 268 348 castigandoque
282 282 469 333 temeritatem
487 289 515 334 et
533 284 729 349 pertinaciam,

11 351 166 403 conabatur
176 349 279 414 facere,
290 350 376 414 breri,
387 351 462 419 quod
472 358 607 419 peterent,
618 353 730 407 habitu·

10 421 67 485 red,
88 436 172 489 quum
184 421 254 471 satis
267 426 296 473 et
307 420 391 487 ipsis,
413 426 443 473 et
455 422 583 473 omnibus
596 424 661 475 aliis
681 440 731 492 ap·

10 498 39 554 et,
51 492 88 543 ub
98 506 166 557 rege
177 490 357 557 impetratam
369 506 417 543 cos
428 491 604 557 libertatem,
615 509 668 545 non
681 510 732 562 per

10 576 95 616 ‚onem
106 567 227 628 raptam,
239 559 349 612 habere.
385 560 524 613 Adversus
537 578 608 630 quae
618 579 731 632 respon·

10 638 34 696 t,
55 630 136 684 Nina
145 647 230 699 neque
241 630 354 694 mirari,
373 646 459 699 neque
469 649 625 686 succensere
635 634 732 687 Antio-

10 702 120 764 dedere,
140 701 166 752 si
176 717 248 769 spem
262 700 399 754 libertatis
414 701 529 769 differri
542 721 595 757 non
609 704 679 756 satis
690 722 734 756 ue·

10 772 75 825 rimo
84 780 258 839 paterentur.
293 771 358 837 lpse
369 771 452 822 initio
462 774 550 836 reris,
568 774 684 826 naribus
696 775 732 827 ab

10 855 30 894 ro
54 841 214 909 profectus,
233 840 450 907 Hellespontum
470 843 558 910 petit:
581 848 731 896 terrestres

10 928 13 962 ι
26 912 125 963 traiici
136 912 171 962 ab
182 910 283 977 Abydo
293 909 496 963 Chersonesum
511 912 603 965 iussit.
641 914 732 974 Quum

10 980 129 1051 dytum,
151 978 318 1032 Chersonesi
329 981 443 1042 urbem,
463 982 595 1033 terrestri
604 984 733 1034 navalem

10 1058 72 1103 tum
83 1051 232 1112 iunxisset,
245 1050 311 1117 quia
322 1051 483 1103 clauserant
495 1056 606 1117 portas,
618 1052 734 1102 circum·

10 1120 265 1183 mocniaarmatis,
281 1127 310 1173 et
320 1122 376 1172 iarn
392 1135 479 1187 opera
491 1120 665 1183 admoventi,
687 1120 734 1175 dc·

10 1198 49 1245 est
59 1190 145 1243 fecta.
169 1189 246 1241 ldem
256 1196 347 1242 metus
358 1190 470 1243 Sestum
483 1191 638 1245 incolentes
649 1190 733 1244 elias·

10 1260 153 1314 lcrsonesi
163 1262 247 1312 urbes
256 1260 286 1311 in
296 1260 469 1313 deditionem
480 1261 567 1314 dedit.
604 1262 733 1329 Lysima-

19 1330 91 1383 inde
101 1329 231 1382 omnibus
241 1329 326 1380 simul
336 1332 484 1383 navalibus
496 1333 732 1400 terrestribusque

16 1399 108 1453 renit.
146 1401 236 1460 Quam
247 1414 331 1465 quum
343 1400 484 1452 desertam
497 1417 530 1453 ac
540 1407 658 1452 stratam
670 1416 733 1467 pro·

11 1486 78 1524 nem
90 1469 178 1520 ruinis
191 1469 355 1532 invenisset,
377 1474 519 1537 (ceperant
533 1478 639 1532 autem,
662 1471 732 1522 dire·

14 1557 51 1593 ue
64 1538 248 1590 incenderant
259 1537 382 1591 'l'hraces
394 1542 491 1607 paucis
504 1548 569 1592 ante
582 1540 672 1600 arinis)
687 1555 732 1589 cu·

12 1627 61 1661 um
75 1609 245 1660 restituendi
257 1609 379 1660 nobilem
391 1614 502 1670 urbem,
524 1616 552 1660 et
570 1610 632 1660 loco
648 1610 731 1661 sitam

10 1687 94 1740 tuno,
117 1679 200 1745 cepit.
238 1679 334 1744 ltaque
351 1681 427 1730 omni
443 1696 509 1730 cura
524 1680 605 1730 simul
623 1686 665 1731 est
686 1696 732 1748 ag-

10 1767 45 1812 rs,
66 1756 95 1800 ct
105 1754 183 1800 tecta
194 1763 342 1815 murosque
354 1753 515 1812 restituere,
537 1757 565 1803 et
577 1751 678 1817 partim
690 1766 731 1801 re·

10 1837 25 1872 e
36 1819 192 1871 scrrientcs
199 1817 450 1883 Lysimachienses,
463 1822 564 1886 partim
577 1821 645 1888 fuga
656 1837 731 1887 spar-

10 1906 39 1943 rr
60 1889 274 1954 lleliespontum
293 1887 549 1956 Chersonesumque
569 1892 733 1958 conquirere

13 1964 139 1984 ι-..ι.,...,..
164 1958 263 1984 ..u-mim
278 1973 365 1984 mmm.
381 1961 493 1984 „nh-,m
516 1976 562 1984 n...
578 1961 719 1984 -Λ.......,,1..
