1838 2954
85 118 507 184 mnxxxvrucnnnss.
521 112 800 195 [ucenncisn]
820 125 885 183 419.

66 250 134 292 tere.
176 237 282 308 Vagati
292 255 335 290 eos
347 255 406 291 curu
418 239 479 290 belli
490 248 596 291 terrore
606 255 659 306 per
670 239 803 302 nationes,
815 239 873 308 qui7

65 309 115 362 bus
128 310 222 361 belluas
233 309 367 361 indictum
378 326 430 361 non
440 309 485 371 sit,
490 325 585 375 pacem
592 309 683 376 pretio
695 309 872 362 venditantes.

68 380 100 430 Si
111 394 156 432 eas
164 379 320 446 prouincias
331 379 493 431 exercitibus
504 378 622 431 obtinere
634 396 697 447 opus
706 388 774 431 esset
781 395 792 440 ;
802 379 874 430 sicut

65 449 115 501 Μ.
125 448 211 500 Acilio
221 449 255 500 L.
268 449 357 515 Scipio
370 451 469 512 consul,
488 449 522 500 L.
535 448 658 516 Scipioni
669 448 708 501 Μ.
720 447 834 501 Fuluius
847 458 874 500 et

69 518 120 571 Cn.
131 517 252 571 Manlius
269 519 455 570 successissent
471 512 607 580 cons'ules;
627 519 670 572 ita
685 517 782 572 Fulvio
794 519 874 571 Man·

64 588 157 657 lioqae
176 586 205 638 0.
217 587 326 640 Liuium
348 597 375 640 et
395 586 435 639 M.
457 586 593 640 Valerium
613 592 733 642 consscles
752 589 874 642 debuisse
901 590 910 609 '

65 659 216 711 succedere.
230 657 308 710 Nune
319 667 400 720 certe,
408 659 533 729 perfeeto
545 657 667 710 Aetolico
679 660 753 722 bello,
765 669 874 727 recepta

66 729 102 781 ab
113 725 244 780 Antiocho
255 727 336 790 Asia,
349 727 462 779 devictis
477 727 578 791 Gallis,
590 738 639 780 aut
650 731 771 781 consules
782 732 819 781 ad
829 747 874 781 ex·

67 795 171 850 ercitus
180 799 332 850 consulares
344 796 429 860 nsitti,
453 806 503 849 urst
513 799 653 864 reportari
669 800 785 869 legiones
801 799 873 862 inde,

65 866 198 935 reddique
209 869 317 929 tandem
329 865 493 933 reipublicae
504 868 602 920 debere.
633 869 761 933 Senatus,
773 868 815 919 his
826 885 874 920 au-

68 937 150 999 ditis,
160 936 190 987 iu
202 939 343 989 sententia
353 938 554 1002 perseveravit,
567 944 599 988 ut
612 940 769 991 consulibus
780 941 873 991 ambo-

65 1008 120 1059 nus
135 1005 253 1073 Ligures
269 1006 412 1072 provincia
427 1012 513 1059 esset:
535 1007 673 1057 Manlium
690 1008 873 1074 Fulviumque

67 1075 205 1127 decedere
216 1076 250 1128 de
262 1076 424 1143 provinciis,
448 1082 476 1127 et
492 1076 631 1127 exercitus
646 1076 711 1128 iude
727 1075 873 1138 deducere,

66 1161 101 1197 ac
109 1145 203 1197 redire
214 1145 340 1207 Romam,
352 1145 465 1210 placuit.

121 1213 219 1266 xhtn.
237 1215 403 1266 Inimicitiae
417 1215 491 1265 inter
501 1214 539 1264 Μ.
551 1213 680 1266 Fulvium
697 1222 725 1267 et
734 1214 773 1265 M.
784 1215 875 1266 Aemi·

66 1287 138 1338 lium
150 1284 290 1336 consulem
303 1290 395 1337 erant:
417 1290 446 1337 et
461 1298 544 1349 super
561 1291 654 1337 cetera
664 1285 810 1349 Aemilius,
832 1300 874 1336 se·

65 1357 127 1408 rius
135 1355 250 1406 biennio
260 1370 291 1406 se
302 1356 444 1407 consulem
456 1354 560 1405 factum
571 1355 709 1407 M.Fulrii
721 1371 815 1423 opera,
827 1355 874 1407 du·

68 1425 159 1477 cebet.
182 1424 279 1491 ltaque
291 1425 326 1476 ad
338 1425 473 1495 invidiam
486 1425 512 1477 ci
523 1424 679 1477 faciendam
691 1426 801 1492 legatos
812 1426 875 1477 Am-

66 1494 228 1548 bracienses
243 1495 273 1545 in
289 1501 430 1559 senatum,
451 1497 618 1547 subornatos
639 1495 814 1557 criminibus,
834 1495 875 1544 in·

67 1565 205 1616 trodurit.
234 1566 290 1628 Qui
301 1565 360 1628 sibi,
372 1581 452 1631 quum
463 1566 491 1617 in
498 1581 568 1632 pace
580 1574 675 1626 essent,
687 1565 874 1632 imperataque

68 1652 86 1688 u
95 1633 235 1702 prioribus
247 1636 396 1687 consulibus
408 1635 555 1708 fecissent,
576 1644 603 1687 et
624 1636 716 1687 eadem
731 1643 876 1701 praestare

69 1704 222 1759 obedienter
238 1703 277 1756 M.
287 1705 385 1757 Fuluio
404 1705 503 1771 parati
524 1713 624 1768 essent,
653 1704 747 1755 bellurn
768 1703 878 1755 illatum

70 1777 173 1841 questi,
184 1790 266 1843 agros
274 1776 393 1843 primum
404 1777 596 1843 depopulatos,
609 1784 740 1826 terrorem
752 1773 879 1841 direptio·

69 1844 114 1899 uis
125 1851 153 1894 et
163 1844 252 1896 cuedis
262 1846 324 1896 urbi
334 1845 478 1907 iniectum,
500 1853 532 1896 ut
542 1862 570 1896 eo
582 1854 654 1896 suctu
667 1844 791 1895 claudere
801 1859 877 1912 coge·

69 1922 280 1980 reutarportus.
294 1913 420 1967 Obsessos
430 1912 876 1983 indeetoppugnatosse,etomnia

70 1986 194 2050 exempla
206 1984 268 2036 belli
280 1984 352 2037 edita
363 1986 393 2036 iu
405 2001 445 2046 se,
455 1983 593 2044 caedibus,
612 1983 759 2047 incendiis,
782 1983 878 2044 ricinis,

71 2053 223 2121 direptione
234 2055 322 2106 urbis:
333 2054 469 2123 coniuges,
476 2053 572 2104 liberos
584 2053 761 2105 intercilium
773 2056 878 2107 abstra-

70 2132 143 2175 ctos:
164 2123 232 2177 bonu
244 2127 385 2191 adempta,
405 2132 440 2183 et,
465 2124 536 2189 arcad
547 2139 574 2174 se
584 2123 750 2176 anleromnia
761 2131 878 2183 rnoaeat,

71 2194 172 2259 templu
204 2203 263 2246 tota
288 2195 351 2245 urbe
377 2192 495 2261 spoliata
521 2193 701 2245 ornamentis:
731 2194 879 2245 simulacra

71 2264 158 2326 deum,
168 2263 231 2315 deos
242 2264 294 2316 irno
306 2264 389 2332 ipsas,
406 2265 543 2314 convulsas
554 2280 587 2315 ex
599 2264 702 2315 sedibus
714 2262 784 2324 suis,
805 2261 879 2312 obla·

72 2342 199 2395 tosesse,·
218 2335 339 2402 parietes
356 2343 500 2401 postesque
522 2335 651 2394 nudatos,
673 2348 738 2398 quos
756 2331 878 2391 adorent,

72 2404 112 2454 ad
125 2418 189 2470 quos
208 2415 354 2471 precentur
366 2413 393 2456 et
405 2403 567 2471 supplicent,
588 2400 824 2454 Aristraciensibus
837 2415 879 2451 su·

68 2488 187 2542 peterse.
224 2476 303 2527 llaec
323 2481 486 2542 querentes,
507 2471 709 2538 interrogando
729 2469 889 2519 crimme

74 2557 112 2594 ex
123 2546 289 2609 composito,
302 2545 399 2597 consul
410 2545 449 2597 ad
459 2541 727 2614 plumacium
734 2534 914 2631 mm}

67 2612 196 2675 dicende,
220 2615 365 2669 eliciebat.
401 2617 499 2671 Motis
510 2613 671 2670 esuriens,
687 2606 770 2654 mm
780 2605 882 2647 cmm

58 2678 217 2736 Flaminius
227 2687 268 2738 Μ.
282 2688 384 2745 Fulvii
396 2707 530 2746 causum
542 2682 685 2747 excedit·-
707 2671 778 2740 W
786 2665 902 2713 ”mm

625 2742 742 2804 ὮΜ
