1838 2954
11 19 195 77 ssxxxvm.
203 23 277 76 Gru.
285 20 376 77 5253.
389 24 466 90 [ΠΕ.
475 23 611 77 565.A.C.
622 24 689 92 ιδῃ]
700 21 752 76 431

11 144 52 179 ere
71 145 124 181 non
143 130 307 180 audeamus:
327 129 433 180 tribuni
449 128 549 194 plebis,
572 128 706 194 appellati
717 129 751 179 ab

11 197 122 263 :ipione
135 197 176 249 ita
188 198 378 261 decreverunt,
388 199 418 249 Si
427 197 752 249 rrrcriicumaexcntare·

14 267 66 318 sibi
73 269 195 334 placere,
211 269 301 336 accipi
313 286 371 320 earn:
383 284 501 331 consum,
514 268 632 333 diemque
645 283 662 317 a
674 269 751 318 colie-

11 337 114 392 modici,
133 339 273 389 Tribunus
286 339 375 404 piebis
387 353 419 389 eo
432 343 556 403 tempore
567 340 610 390 Ti.
622 336 750 401 Sempro-

18 406 160 459 Gracchus
173 415 246 471 erat,
269 409 313 460 cui
324 408 489 458 inimicitiae
508 423 569 458 cum
579 407 609 458 P.
622 406 750 471 Scipione

11 476 164 529 :cedebant
200 478 241 540 ls,
262 493 346 544 quum
358 477 492 529 vetuisset
504 492 602 529 nomen
613 491 692 527 suurn
706 475 751 527 de-

11 561 21 598 r
33 546 204 613 collegarum
217 548 337 611 ascribi,
357 547 565 613 tristioremque
585 561 681 597 omnes
692 560 751 596 sen·

11 617 62 669 iam
76 624 284 684 exspectarent,
303 619 345 670 ita
357 617 490 669 decrerit:
515 617 602 680 Quium
614 615 647 666 L.
660 615 752 682 Scipio

11 695 56 739 :set
66 689 185 740 morium
199 705 253 741 esse
265 704 363 739 consae
366 687 469 760 fratri,
477 687 545 739 sotis
556 686 586 738 id
595 685 647 737 sibi
658 685 752 738 videri.

11 756 23 807 '.
36 756 202 826 Scipionem,
220 757 383 827 priusquam
393 756 508 811 Romam
526 757 652 819 redisset,
674 772 753 809 aceu-

15 843 235 895 nonposmrmn:
255 836 312 881 tom
324 845 434 897 quoqne,
456 829 479 878 si
490 846 517 880 se
526 831 653 894 appellet,
675 827 753 880 amri-

11 897 19 947 i
24 897 165 971 fleturum,
177 916 209 951 ne
220 915 330 951 contem
341 898 424 950 dicat.
455 898 499 948 Ad
509 897 540 948 id
546 895 700 967 fastigium
710 914 752 949 re·

11 967 107 1036 gestis,
128 966 273 1021 honoribus
288 966 383 1036 populi
398 965 528 1025 Rotnani,
548 966 580 1016 P.
599 964 752 1031 Scipionem

11 1052 54 1088 nm
70 1035 255 1106 nominumque
266 1052 394 1093 consensu
406 1034 575 1103 pervenisse,
596 1044 628 1086 nt
639 1033 686 1085 tui
698 1033 752 1086 Ro-

21 1122 96 1158 remm
108 1116 191 1169 stare,
203 1116 228 1158 et
237 1109 368 1175 praebere
380 1120 459 1156 omres
472 1103 680 1158 adolescentium
693 1121 753 1158 con·

11 1192 30 1238 s,
37 1179 140 1244 popolo
150 1176 274 1230 Romano
286 1175 375 1246 iringis
386 1175 512 1247 deforme,
533 1191 613 1242 qnam
625 1174 689 1242 ipsi,
706 1174 752 1226 tit.

11 1246 69 1298 2111.
90 1246 200 1298 Adiecit
221 1248 332 1299 decreto
347 1245 585 1312 indignationem:
608 1245 662 1296 too
675 1244 754 1312 pedi·

11 1316 100 1368 restris
110 1316 208 1378 stabit,
225 1317 343 1380 tribuni,
362 1316 478 1369 domitor
488 1316 533 1368 ille
545 1315 674 1387 Africae,
697 1315 754 1367 Sci·

29 1386 95 1438 Ideo
111 1396 243 1454 quattuor
265 1387 442 1441 nobilissimos
460 1387 538 1438 disces
555 1387 710 1439 Poenorum
725 1385 755 1436 in

11 1456 94 1520 rania,
106 1466 237 1524 quattuor
248 1459 384 1511 exercitos
394 1457 475 1529 fudit
487 1456 673 1528 frtgooitquc:
694 1453 753 1505 ideo

11 1526 97 1578 iucem
120 1527 201 1593 oepit,
222 1527 406 1582 Hannibalem
422 1525 533 1588 devicit,
556 1524 753 1594 Carthaginem

11 1596 105 1666 ignium
117 1597 192 1649 nobis
200 1598 283 1669 ferit,
299 1597 461 1651 Antiocimm
473 1595 596 1664 (recepit
609 1593 754 1716 eninrrsra·

11 1676 176 1720 :consortem
186 1667 266 1721 noim
280 1668 389 1737 gloriae
400 1668 434 1719 L.
449 1667 558 1734 Scipio)
575 1669 651 1719 nitro
691 1664 754 1717 auri

11 1754 16 1788 r
28 1737 140 1800 cruorit,
161 1747 194 1790 nt
205 1739 304 1790 duobus
316 1737 442 1790 Petilliis
448 1737 644 1798 sicerumieret,
664 1751 709 1787 nos
721 1736 754 1787 de

11 1807 132 1878 ifricano
139 1809 260 1874 patrinum
276 1807 420 1874 peteretis?
439 1808 561 1859 Nullime
574 1806 679 1859 meritis
689 1806 754 1868 ruis,

11 1877 29 1928 it
48 1878 144 1929 cestris
165 1877 309 1931 lectioribus
330 1894 446 1947 unquam
466 1877 495 1929 in
518 1894 607 1930 arcem
626 1885 714 1930 totam
729 1886 756 1928 et

11 1956 155 2001 ttonrtam
166 1949 300 2002 clorioiri
309 1946 481 2016 pervenient:
502 1947 565 2012 nbi,
599 1947 605 1960 ⁶
636 1965 754 2001 onoene·

11 2016 56 2081 lis,
84 2018 218 2071 inviolato
246 2021 341 2070 saltem
361 2025 481 2070 retrectat
501 1962 755 2085 corruentium?

11 2087 38 2137 'it
49 2094 77 2139 et
90 2087 275 2152 decretum,et
287 2088 395 2140 adiecta
406 2091 496 2140 oratio
509 2104 563 2140 non
575 2096 684 2141 ceteros
696 2100 754 2136 mo-

11 2157 53 2208 red
64 2159 140 2224 ipsos
152 2159 236 2211 etiam
248 2164 439 2210 accusatores:
451 2164 487 2222 et,
499 2159 703 2212 deliberaturos
715 2170 753 2215 se,

11 2269 13 2276 .
24 2228 69 2279 sui
80 2230 150 2280 iuris
162 2235 191 2280 et
202 2229 287 2282 officii
299 2235 381 2292 esset,
392 2228 530 2282 dixerunt.
549 2229 667 2281 Senatus
679 2224 754 2276 dein·

11 2298 124 2350 :oncilio
137 2299 225 2365 plebis
237 2301 364 2361 dimisso,
385 2299 480 2353 haberi
498 2305 541 2352 cst
553 2302 676 2364 coeptus.
712 2293 755 2345 lbi

11 2370 56 2420 :iae
66 2370 194 2435 ingentes
207 2372 240 2423 ab
251 2372 379 2435 universo
392 2371 498 2432 ordine,
509 2367 655 2436 praecipue
666 2379 753 2416 aetrn-

14 2437 88 2489 ribus
108 2438 336 2511 senioribusque,
364 2442 414 2495 Ti.
432 2437 568 2494 Graccus
591 2441 680 2486 astae
697 2433 783 2507 W*

11 2506 18 2555 t
35 2508 244 2574 rempublicam
266 2515 394 2583 privatis
417 2507 629 2569 simuitat‘iops
644 2500 806 2565 nomm

11 2575 92 2628 5⁹⁵⁰&ss
103 2577 258 2637 etPetillii
267 2589 378 2642 vexati
390 2593 467 2640 suut
478 2564 714 2653 proprisos*m
722 2554 821 2615 *W*
