1838 2954
16 39 269 90 xincrnaoat.
281 39 326 104 [U.
335 39 500 91 emano
510 39 648 129 affl

16 142 95 195 elium
107 142 301 194 committunt:
324 151 352 194 et
366 145 456 209 primo
468 144 539 197 adeo
550 145 652 196 acriter

16 246 21 269 .
40 218 71 264 ut
86 211 286 279 antesignanos
297 213 469 279 impulerint.
507 214 589 276 Quod
603 215 651 265 nbi

16 280 216 344 animadvertit,
227 283 333 333 veritus
345 298 380 334 ne
390 283 461 334 moti
471 286 557 335 semol
567 284 653 351 pollo·

17 358 104 404 ortem
115 352 274 404 Marsorum
286 368 369 419 quum
382 354 569 420 opposuisset,
578 355 653 421 equi·

16 437 91 473 orum
114 436 210 473 onrnes
233 427 340 475 turmas
360 424 390 474 in
415 423 524 475 hostem
550 425 652 477 emisit.

16 508 65 543 um
76 492 183 558 primus
194 493 388 561 secundusque
398 494 520 560 impetus
535 494 653 546 retudis-

16 577 64 615 :em
75 578 106 613 se
118 561 251 614 ferociter
260 562 385 627 hostem,
397 566 563 616 confirmata
574 570 602 615 ct
613 579 654 614 ro-

20 634 146 685 Romana
155 633 262 685 restitit
273 634 372 703 primo,
384 635 485 686 deinde
495 634 577 701 signa
587 634 655 683 acri-

44 704 104 757 Nee
119 704 194 756 ultra
208 704 400 756 sustinuerunt
415 710 555 757 certamen
571 701 657 762 Galli,

18 780 169 836 verterent,
188 780 272 840 atque
288 774 375 827 effuse
395 775 531 843 fugarent.
569 774 599 824 ln
621 786 655 823 eo
794 758 798 791 ³

17 859 60 911 pra
81 843 269 912 quadraginta
290 845 381 897 millia
399 844 544 897 hominum
565 858 656 903 caesa,
797 870 800 875 ·
832 882 837 899 .

16 916 88 966 ntias
100 916 210 967 scribit:
234 922 262 967 et
277 915 430 982 quingenta
449 920 555 980 septem
576 914 658 979 signa
775 896 784 1169 'p
829 926 838 939 ··

779 1308 788 1390 ξ

17 992 97 1053 apta,
118 991 147 1037 et
162 992 296 1053 carpenta
315 984 519 1051 quadringenta
540 982 659 1046 triginta

17 1072 73 1107 reos
86 1056 329 1123 torquesmultos‚
350 1070 385 1105 ex
397 1054 495 1120 quibus
507 1065 592 1102 unum
603 1064 659 1100 ma·

17 1126 198 1178 melantius
217 1127 248 1177 in
264 1124 407 1191 Capitolio
426 1122 486 1174 lori
508 1121 610 1172 donum
630 1118 660 1169 in

17 1210 53 1247 rm
64 1195 171 1247 scribit.
201 1197 301 1247 Castra
311 1211 345 1246 eo
358 1195 404 1247 dic
417 1192 563 1243 Gallorum
576 1204 661 1256 expu-

18 1270 132 1331 ptaque:
165 1270 194 1316 ct
215 1267 332 1315 Comum
354 1263 484 1330 oppidum
505 1262 580 1313 intra
601 1260 661 1312 dies
827 1298 832 1305 .

17 1340 90 1385 itum.
119 1335 243 1384 Castella
253 1331 319 1385 inde
331 1333 540 1401 duodetriginta
551 1332 587 1383 ml
599 1346 664 1383 con·
813 1295 830 1463 ὲ

20 1408 126 1456 cerunt.
163 1403 195 1452 ld
207 1418 317 1470 quoquc
328 1403 402 1456 inter
413 1404 565 1467 scriptores
576 1398 663 1450 ambi·
781 1402 786 1459 ζ,

17 1490 40 1523 m
52 1474 80 1522 in
90 1473 178 1523 Boios
191 1474 277 1539 prius,
285 1489 320 1524 an
332 1474 470 1533 Insubres,
478 1470 575 1522 consul
587 1482 663 1519 excr-

17 1545 109 1603 uerit,
131 1544 331 1610 adversamque
343 1557 478 1610 prospera
490 1554 584 1606 pugna
595 1536 664 1587 obli·

23 1630 57 1664 an
68 1614 199 1676 victoria,
216 1615 251 1665 nil
263 1616 378 1666 Comum
391 1618 487 1681 parta,
509 1609 663 1662 deformata

19 1685 72 1734 <riis
84 1691 207 1748 accepta,
219 1685 263 1736 sit.

18 1756 49 1804 ll.
71 1752 126 1803 Sub
144 1753 212 1804 haec
230 1761 286 1804 tam
296 1755 375 1805 uaria
386 1753 499 1804 fortuna
515 1756 608 1818 gesta,
630 1749 663 1801 L.

17 1838 115 1887 rpureo
134 1825 205 1874 alter·
221 1826 318 1874 consul
336 1840 384 1888 por
403 1824 505 1872 tribum
523 1819 664 1887 Sapiniam

17 1893 81 1944 enit.
118 1892 175 1941 lam
192 1900 284 1943 castro
298 1893 403 1943 Mutilo
416 1892 663 1958 appropinquabat,

18 1960 665 2026 tusaeintercluderetursimulaBoiisLigmi·
714 1987 718 1992 ·

17 2034 128 2083 arcitum
142 2032 238 2084 cadom
250 2034 365 2098 niaqua
376 2029 666 2091 ailduxcratffcrluxit,

18 2103 128 2153 tirouitu
141 2118 189 2168 prr
201 2108 398 2168 aprrtaooque
411 2109 471 2152 tota
484 2103 555 2162 loca,
564 2099 597 2149 ad
611 2098 666 2147 col·

18 2173 107 2223 uenit.
145 2173 216 2221 liein
239 2172 337 2221 iunctis
360 2173 527 2223 exercitibus
547 2169 665 2235 primum

18 2257 109 2306 agrurn
125 2257 212 2307 usquo
229 2242 263 2290 all
276 2242 413 2291 Felsinam
431 2241 562 2307 oppidum
582 2246 667 2300 popu·

18 2320 188 2377 igrarorunt.
225 2314 267 2360 Ea
277 2312 356 2372 urbs,
378 2318 526 2373 ceteraque
540 2309 613 2354 circa
625 2315 667 2349 ca-

18 2382 75 2431 lcii
88 2380 145 2431 fore
157 2397 263 2442 ornnes,
274 2388 386 2445 praetor
397 2382 583 2451 iuventutem,
596 2383 666 2449 quae

25 2467 110 2501 causa
124 2452 149 2499 io
162 2454 244 2500 armis
257 2461 332 2514 erat,
349 2456 426 2514 (tunc
436 2449 466 2497 in
476 2445 574 2494 ulex-ias
583 2439 673 2490 silius

18 2522 64 2574 >in
76 2520 244 2575 ‹lc’ditionem
258 2529 409 2577 r'eoorunt.
427 2516 601 2585 lnlriguues
610 2511 691 2565 osin-

18 2604 43 2637 1s
58 2591 209 2647 exercitus.
249 2596 322 2652 Boii
340 2591 551 2668 negligentius
569 2592 713 2644 coactum
