1844 2962
59 105 126 158 Lra.
137 104 266 161 XXXIII.
284 110 356 160 Car.
368 107 393 160 6.
404 108 429 161 7.
444 108 744 181 [U.C.555.A.C.197.]
766 111 817 167 103

32 186 818 207 —-——--——-—---..-.-.-.-.-

31 215 137 261 inerunt.
179 209 278 261 Tertio
300 210 345 261 die
365 213 455 277 primo
475 213 582 265 nimbus
605 213 723 277 effusus,
755 215 819 267 dein

31 278 100 349 sigo
120 278 217 332 noctis
236 278 383 333 simillima
396 282 537 335 Romanos
558 289 633 335 metu
651 283 817 337 insidiarum

31 352 107 403 mult.

62 420 122 474 vii.
142 419 290 489 Philippus
300 422 460 474 maturandi
470 423 579 474 itineris
590 438 683 487 causa,
693 430 759 492 post
769 424 817 476 im-

31 504 84 542 rem
99 491 223 544 nubibus
245 493 276 543 in
295 499 399 545 terram
421 493 549 544 demissis
567 492 637 545 nihil
657 494 817 559 deterritus,

31 560 88 627 iguo
97 560 170 613 ferri
179 562 272 613 iussit.
309 561 364 615 Sed
375 568 433 613 tam
445 562 531 615 densa
542 565 632 631 caiigo
650 579 818 617 occaecave-

31 630 154 693 stdiem,
173 636 208 681 ut
217 646 306 699 neque
316 631 443 698 signiferi
454 634 542 694 riam,
563 649 614 685 nec
623 633 705 700 signa
713 635 817 686 milites

31 705 170 763 eruerent,
192 714 292 768 agmen
302 703 339 754 ad
347 704 470 755 incertos
481 703 616 754 clamores
627 718 729 770 vagum
740 704 818 755 volut

31 784 101 821 rrore
118 774 258 820 nocturno
276 774 449 824 turbaretur.
486 771 664 840 supergressi
684 774 818 836 tumulos,

31 836 290 906 aicynoscephalae
300 846 445 902 vocantur,
451 841 552 892 relicta
563 843 602 893 ibi
611 843 733 895 statione
740 846 819 895 firnia

31 907 135 961 aditum
153 908 348 975 equitumque,
370 916 524 975 posuerunt
540 916 640 962 castra.
677 912 818 964 Romanus

31 977 106 1029 idern
114 976 153 1029 ad
158 977 321 1030 Thetidium
333 980 432 1031 castris
441 994 523 1046 quum
533 995 562 1031 se
573 981 717 1044 tenuisset,
724 981 818 1047 explo-

31 1054 96 1099 itum
107 1053 223 1111 tamen,
245 1048 295 1099 ubi
305 1048 395 1101 hostis
407 1056 497 1110 essct,
519 1048 614 1101 decem
625 1056 733 1101 turmas
744 1053 819 1116 equi·

31 1134 65 1171 ιιιι
77 1124 109 1171 et
119 1117 203 1169 mille
212 1118 322 1185 pedites
334 1120 422 1184 misit3
445 1120 579 1180 monitos,
600 1123 632 1170 ut
646 1120 681 1170 ab
698 1119 818 1181 insidiis,

31 1204 75 1241 ras
88 1186 151 1240 dies
163 1187 299 1240 obscurus
311 1190 417 1256 apertis
429 1202 539 1255 quoquc
549 1187 620 1239 locis
635 1192 762 1240 tecturus
771 1203 819 1240 ,es-

31 1266 63 1323 it,
73 1266 288 1325 praecaverent.
326 1260 376 1312 Ubi
388 1264 502 1311 ventum
514 1258 549 1310 ad
559 1258 682 1311 insessos
693 1258 819 1311 tumulos

31 1334 63 1394 tt,
84 1344 194 1397 pavore
206 1334 304 1380 munio
324 1330 430 1381 iniecto
449 1328 526 1381 velut
546 1333 688 1396 torpentes
710 1329 820 1399 quieve-

31 1404 87 1450 rat:
109 1398 189 1462 dein,
208 1399 312 1450 nuntiis
323 1406 399 1451 retro
410 1400 438 1449 in
455 1406 547 1450 castra
562 1400 599 1449 ad
614 1400 699 1450 ducos
715 1400 818 1461 missis,

31 1469 50 1519 si
61 1470 172 1535 prImus
184 1474 278 1521 terror
293 1471 327 1520 ab
344 1469 511 1534 necopinato
526 1467 587 1517 nisu
604 1467 744 1530 consedit,
763 1483 818 1519 noa

31 1540 114 1589 utius
137 1539 291 1589 certamine
314 1539 482 1589 abstinuere.
507 1536 666 1601 -Principio
687 1551 704 1586 a
723 1537 819 1601 paucis

31 1607 238 1659 esurrentibus
249 1607 382 1658 lacessita
392 1622 486 1674 pugna
496 1611 551 1667 est,
571 1605 672 1656 deindo
688 1604 818 1656 subsidiis

31 1678 144 1729 rentium
160 1677 258 1742 pulsos
274 1684 367 1728 aucta:
390 1678 419 1727 in
435 1690 586 1743 quaquam
605 1674 818 1741 haudquaquam

31 1762 88 1799 ires
103 1746 226 1797 Romani
242 1747 313 1797 alios
329 1762 412 1814 super
434 1746 506 1796 alios
527 1744 641 1795 nuntios
663 1745 698 1796 ad
721 1744 817 1796 ducem

33 1818 164 1878 itterent,
177 1816 268 1881 premi
278 1832 352 1880 sesc3
374 1816 518 1883 quingenti
530 1816 637 1881 equites
650 1822 678 1868 et
690 1813 744 1867 duo
757 1816 817 1866 mil·

31 1902 44 1937 a
55 1886 184 1953 peditum
191 1922 199 1948 ,
219 1886 341 1937 maxime
351 1885 530 1947 Aetolorum,
540 1902 600 1936 cum
613 1886 720 1939 duobus
731 1886 818 1937 tribu-

32 1973 46 2008 s
58 1957 184 2007 miiitum
194 1970 313 2021 propero
325 1956 424 2017 missa,
445 1970 504 2006 rem
516 1956 677 2007 inclinatam
690 1956 819 2008 restitue·

31 2034 84 2077 int:
97 2040 237 2091 versaque
248 2024 373 2089 fortuna,
384 2025 553 2077 Macedones
564 2025 725 2078 laborantes
738 2041 820 2091 opem

30 2097 83 2165 egis
95 2111 147 2163 per
157 2096 270 2146 nuntios
281 2097 477 2163 implorabant.
507 2095 577 2157 Sed,
590 2101 622 2146 ut
633 2095 680 2162 qui
689 2095 759 2147 nihil
771 2098 820 2145 mi·

31 2183 56 2218 rs
67 2167 123 2218 iilo
136 2166 183 2217 dIe
199 2174 315 2232 propter
331 2167 449 2218 eitimam
466 2165 619 2231 caliginem,
643 2181 723 2232 quam
740 2179 817 2231 proe-

31 2253 86 2299 um,
100 2241 305 2303 exspectasset,
315 2252 416 2302 inagna
426 2242 506 2302 parte
517 2234 659 2286 hominum
671 2236 760 2287 omnis
772 2248 819 2299 ge·

31 2307 79 2359 eris
100 2305 270 2373 pabulatum
290 2307 388 2369 missa,
415 2306 584 2373 aliquamdiu
605 2305 686 2371 inops
709 2302 820 2355 consilii

33 2376 179 2442 epidaiit:
205 2374 322 2437 deinde,
343 2382 489 2443 postquam
508 2377 596 2427 nuntii
612 2374 769 2433 instabant,
792 2374 819 2420 et

34 2461 59 2497 m
71 2447 141 2510 iuga
152 2444 291 2495 montium
303 2445 447 2498 detexerat
459 2444 569 2507 nebula,
586 2451 614 2495 et
630 2443 657 2493 in
670 2444 819 2504 conspectu

31 2514 285 2577 autumationes,
305 2517 333 2566 in
342 2518 476 2568 tumulum
487 2517 609 2566 maxime
626 2511 731 2561 editum
745 2508 819 2560 inter

31 2590 78 2638 ¹ios
92 2585 247 2651 compulsi,
260 2586 321 2637 ioco
333 2603 361 2637 se
373 2590 470 2654 magis,
485 2599 568 2651 quam
581 2579 675 2658 armis,
681 2583 818 2641 tutantes3

31 2654 241 2709 immittendam
253 2670 346 2707 rerum
355 2670 491 2709 summam
506 2657 537 2707 in
553 2649 707 2703 discrimen
723 2652 824 2702 uteun-
