1838 2954
53 39 234 71 MUGWI'BW!
245 38 362 71 flammat.

30 86 86 140 dal.
104 86 178 140 Dum
199 86 269 141 haec
290 89 320 139 in
338 88 423 140 ltalia
440 92 593 156 geruntur,
613 85 765 141 Antiochus

17 156 65 209 resi
73 172 189 210 securus
201 157 351 210 admodum
363 159 397 212 de
407 158 483 211 bello
493 159 617 210 Romano
631 164 701 222 erat,
707 163 766 209 tan·

17 242 42 278 in
51 241 110 279 non
119 229 281 281 transituris
296 229 325 280 in
335 230 428 282 Asiam
439 229 581 280 Romanis.
619 228 709 290 Quam
725 243 766 279 se·

17 302 108 349 tatem
118 299 144 349 ei
156 314 258 368 magna
270 314 334 366 pars
346 300 498 351 amicorum
509 304 557 349 aut
568 313 617 364 per
633 312 765 359 errorem,

25 369 198 418 mentando
213 369 345 415 faciebat.
381 364 524 412 Hannibal
538 384 622 424 unus,
643 368 719 414 cuins
731 380 765 417 eo

17 448 85 501 pore
105 432 151 484 vel
172 432 295 483 maxima
316 428 389 497 apud
407 445 502 498 regem
524 430 677 484 auctoritas
697 445 767 496 erat,

17 503 51 571 ‚vir
63 501 164 554 mirari
174 517 216 565 ee,
231 501 339 563 aiebat,
354 501 485 567 ariadnen
494 499 551 553 iam
560 500 589 554 in
600 500 668 555 Asia
679 512 767 557 essent

17 571 90 635 rani,
113 585 195 640 qnam
205 580 332 625 venturae
348 570 480 623 dubitare.
516 570 637 638 Propius
648 588 717 636 esee,
736 571 767 625 in

17 658 52 695 ras
62 656 99 693 ea
111 641 240 706 Graecia,
251 657 331 707 paam
343 658 376 694 ex
389 640 475 693 Italia
487 638 516 691 in
532 639 675 693 Graeciam
687 641 767 694 traii-

26 732 36 765 .·
56 720 86 764 et
104 714 189 765 malta
208 711 337 764 maiorem
356 725 467 763 cansam
485 706 661 772 Antiochum,
686 726 766 777 paam

17 784 80 844 slas,
92 796 155 834 esee.
192 779 286 848 Neque
296 781 366 835 enim
379 778 450 832 mari
461 777 562 841 rninnr,
584 793 663 844 qnam
679 786 765 842 terra,

17 868 58 904 ere
67 848 194 904 Romana
204 868 297 905 arma:
315 851 372 902 iam
386 847 493 916 pridem
505 848 614 899 classem
624 847 697 900 cirea
707 845 767 900 Ma·

17 937 103 975 reare.
138 920 244 973 Audire
254 936 323 983 sese,
338 935 426 988 nuper
436 932 518 970 nonae
528 933 608 971 nares
619 933 766 984 navamque

17 1000 151 1043 aratorem
170 990 212 1042 rei
253 989 366 1043 erendae
386 1003 469 1042 canta
490 1004 525 1041 ex
545 986 632 1040 ltalia
654 988 764 1042 venisse.

17 1077 56 1112 ’ne
72 1059 206 1113 desineret
246 1058 370 1113 ntioeleae
387 1074 482 1128 pacem
497 1056 550 1109 siti
563 1058 620 1127 ipae
636 1073 681 1128 spe
693 1074 765 1112 nana

17 1146 61 1183 re.
96 1129 132 1182 ln
141 1128 223 1193 Asia,
234 1138 262 1182 et
271 1131 302 1181 de
312 1129 372 1198 ipra
382 1129 447 1181 Aria
453 1165 462 1193 ,
473 1126 547 1180 dreni
557 1138 633 1181 terra
642 1128 765 1195 marique

17 1199 144 1252 mandam
159 1199 186 1251 ei
199 1215 260 1253 cum
270 1199 399 1254 Romania
419 1214 487 1251 esee:
507 1208 535 1252 et
554 1205 605 1249 ant
623 1196 765 1265 imperinm

17 1268 132 1323 nendum
152 1269 241 1322 arbem
255 1278 394 1323 terraram
415 1266 623 1337 affectantibus,
643 1275 693 1318 ant
714 1264 766 1331 ipsi

17 1353 77 1393 mm
86 1338 272 1392 amittendum.
291 1340 367 1392 Unus
378 1353 445 1392 vera
455 1343 483 1390 et
494 1336 649 1404 providere,
662 1340 690 1388 et
700 1334 766 1387 lide·

17 1407 200 1475 rpraedicere
210 1410 296 1462 visus.
314 1411 411 1477 ltaque
423 1407 484 1473 ipse
493 1421 544 1459 rex
554 1405 683 1468 navibus,
695 1421 766 1473 quae

17 1484 78 1529 stae
90 1479 297 1547 instructaeque
308 1484 396 1541 erant,
418 1477 618 1529 Chersonesum
629 1475 712 1542 petit;
733 1483 766 1526 ut

17 1562 85 1609 oca,
107 1551 130 1598 si
146 1548 219 1602 forte
236 1555 311 1603 terra
325 1549 452 1601 venirent
466 1547 599 1609 Romani,
620 1546 766 1611 praesidiis

17 1623 98 1668 naret:
122 1624 243 1670 ceteram
266 1621 383 1672 classem
394 1616 594 1685 Polyxenidam
614 1630 715 1681 parare
737 1623 766 1668 et

17 1701 100 1739 acere
110 1686 205 1751 iussit3
217 1688 421 1755 speculatorias
434 1702 516 1738 naves
526 1684 562 1736 ad
573 1686 765 1754 omniaexplo-

17 1757 48 1808 la
59 1756 135 1809 circa
145 1758 250 1809 insulas
262 1758 378 1809 dimisit.

17 1825 99 1877 XLll.
111 1828 141 1878 C.
153 1827 249 1879 Livius
259 1825 421 1895 praefectus
430 1825 571 1878 Romanae
581 1825 689 1890 classis,
703 1839 764 1876 cum

17 1896 163 1962 iquaginta
174 1898 288 1948 naribus
301 1897 382 1948 tectis
392 1893 544 1961 proiectus,
551 1895 586 1945 ab
599 1894 765 1948 llomaNca·
