1838 2954
11 39 54 57 ΙΙΙ
63 39 165 63 m!
173 39 209 58 ΙΙ.
221 39 242 57 V
250 39 297 58 fll'·
308 39 352 58 w·
365 38 446 73 [νῦν.
454 39 512 60 ⁸}de
522 39 554 55 “0
563 39 592 55 U·
602 39 669 73 ΛΜΨ]
697 39 744 60 νυ,

7 126 15 163 t
30 108 270 181 proficisceretur,
289 125 372 177 eaque
385 109 411 165 ei
418 109 562 231 provincio
573 120 650 163 erret.
685 112 750 164 lloc

7 180 215 233 huconsultum
225 179 410 247 literaequea
431 179 466 246 'p.
481 180 627 233 Postumio
641 187 750 249 praeto·

7 251 169 303 tlitruriam
180 251 283 303 missae
297 256 375 302 sunt:
397 249 595 319 proiectusque
605 253 635 303 in
648 253 750 319 {lispo-

7 336 17 371 ι
37 326 81 373 est
99 319 130 373 P.
150 321 247 373 lunius
267 327 442 387 propraetor.
479 320 511 371 ln
530 337 585 388 qua
607 322 751 390 provincia

7 406 18 441 s
30 390 184 458 aliquanto,
196 405 277 457 quam
289 406 433 442 successor
444 392 559 454 veniret,
571 392 603 443 L.
614 393 749 445 Aemilius

7 460 66 523 llus,
77 461 125 527 qui
135 465 235 528 postca
245 476 340 528 regem
346 460 449 513 Persea
459 475 559 527 stagna
570 462 663 529 gloria
673 463 750 525 ricit,

7 545 27 583 m
37 530 132 597 priore
143 544 215 581 anno
228 528 301 581 haud
313 545 446 597 prospere
461 545 521 582 rem
538 533 687 598 gessisset,
708 540 750 585 tu-

7 600 94 653 iuario
106 600 233 653 exercitu
244 600 379 662 collecto,
400 600 487 666 signis
498 600 610 654 collatis
622 619 684 656 cum
696 603 751 655 Lu-

7 670 41 723 sis
50 670 196 738 pugnavit.
232 669 302 722 Fusi
312 670 457 737 fugatique
468 676 533 722 srmt
544 670 651 725 hostesr
669 688 751 727 caesa

7 756 39 793 rur
49 747 81 795 ct
90 746 156 793 ooto
166 739 258 793 millia
267 746 453 805 armatorum-3
464 742 521 793 tria
531 742 620 796 millia
631 744 751 796 trecenti

7 812 31 875 l,
51 815 81 863 et
95 815 190 863 castra
204 816 372 878 expugnata.
408 812 501 863 Huius
516 812 653 867 victoriae
673 814 751 867 fama

7 880 153 948 qrrillioros
171 881 201 931 in
211 880 350 946 llispanla
369 896 415 932 res
435 881 511 933 lecit.
547 883 656 936 Eodem
677 900 748 936 anno

7 950 104 1004 rdiem
128 951 245 1003 tertium
265 950 408 1002 Kalendas
429 950 572 1003 lanuarias
591 953 749 1006 Bononiam

7 1035 74 1073 nam
94 1020 233 1075 coloniam
254 1034 290 1074 ex
309 1021 552 1073 senatusconsulto
570 1021 602 1072 L.
619 1020 750 1074 Valerius

7 1104 74 1154 rcus,
95 1092 136 1143 Μ.
150 1091 253 1143 Atilius
274 1089 423 1152 Serranus,
443 1089 475 1141 L.
499 1088 631 1143 Valerius
650 1092 750 1157 Tappo

7 1161 82 1213 nrili
101 1156 285 1214 deduxerunt.
328 1160 398 1213 Tria
415 1158 504 1213 millia
523 1158 665 1213 hominurn
686 1168 751 1213 sunt

7 1236 77 1284 retas
97 1232 236 1299 equitibus
248 1236 421 1300 septuagena
430 1230 541 1300 iugera,
564 1231 664 1285 ceteris
677 1230 751 1284 colo·

7 1302 196 1369 {uinqusgeua
209 1308 274 1355 sunt
289 1302 364 1355 data.
401 1303 472 1368 Aget
489 1308 586 1370 captus
608 1302 643 1355 de
661 1302 751 1355 Gallis

7 1371 137 1427 alueratc
159 1371 238 1423 Galli
247 1375 356 1425 Tuscos
367 1373 539 1439 expulerant.
558 1372 665 1425 Eodem
678 1389 751 1426 anno

7 1457 90 1495 turam
111 1443 194 1493 multi
214 1447 242 1495 et
261 1443 330 1494 clari
350 1443 404 1493 viri
421 1443 569 1508 petierunt.
607 1442 751 1504 Quaeres,

7 1528 77 1579 luam
87 1513 118 1563 in
128 1527 158 1564 se
168 1527 267 1578 parum
278 1513 371 1579 magni
390 1513 552 1564 certaminis
573 1527 686 1564 causam
704 1511 750 1564 hu·

7 1588 34 1645 it,
46 1583 133 1634 aliam
146 1583 350 1635 contentionem
362 1584 450 1635 multo
462 1583 597 1634 maiorem
609 1582 751 1635 excitavit.

7 1654 81 1706 ibant
93 1654 127 1706 T.
138 1653 285 1716 Quinctius
298 1653 483 1716 Flamininus,
503 1652 533 1703 P.
545 1652 692 1705 Cornelius
704 1653 752 1704 Cn.

8 1723 95 1788 cipio,
106 1722 139 1774 L.
151 1721 282 1775 Valerius
293 1724 423 1785 Flaccus,
441 1725 480 1774 M.
492 1722 607 1775 Porcius
619 1724 702 1787 Cato,
716 1723 752 1774 Μ.

7 1792 82 1845 nlius
96 1792 257 1855 Marcellus,
273 1795 320 1846 Μ’.
330 1794 433 1845 Acilius
447 1793 578 1855 Glabrio,
600 1794 647 1861 qui
658 1796 753 1847 Antio·

7 1879 27 1914 n
50 1863 86 1914 ad
107 1861 312 1930 Thermopylas
330 1865 500 1930 Aetolosque
528 1863 676 1918 devicerat.
723 1865 754 1915 ln

7 1932 164 1997 emaxime,
185 1934 259 2000 quod
271 1934 359 1985 multa
370 1934 515 2000 congiaria
528 1932 677 1999 habuerat,
697 1936 754 2003 qui·

17 2017 147 2069 magnam
169 2011 277 2069 partem
299 2003 441 2054 hominum
463 2003 652 2071 obligaverat,
672 2005 754 2058 saror

7 2073 42 2123 uli
52 2088 82 2125 se
92 2073 253 2126 inclinabat.
292 2074 323 2126 ld
334 2089 418 2139 quum
430 2089 513 2142 aegre
529 2080 694 2142 paterentur
710 2080 753 2126 tot

7 2143 69 2204 iles,
89 2159 192 2196 norum
203 2145 259 2195 sibi
270 2142 409 2195 hominem
426 2148 535 2196 tantum
550 2147 700 2212 praeferri3
721 2143 751 2194 P.

11 2213 127 2280 pronius
138 2214 281 2266 Gracchus
293 2220 321 2265 et
333 2214 362 2265 C.
376 2212 553 2280 Sempronius
565 2217 692 2274 Rutilus,
704 2212 753 2262 tri·

7 2285 12 2334 i
23 2282 127 2349 plebis,
140 2285 165 2336 ei
177 2284 250 2337 diem
262 2284 405 2345 dixerunt,
427 2285 501 2350 quoil
515 2286 649 2351 pecuniae
659 2281 755 2346 regiae

7 2354 122 2421 rdaeque
135 2354 323 2421 aliquantum,
348 2358 446 2421 captae
457 2356 486 2406 in
498 2352 627 2404 Antiochi
645 2352 754 2414 castris,

7 2441 34 2477 re
45 2425 74 2476 in
86 2425 225 2492 triumpho
238 2426 364 2486 tulisset,
388 2439 477 2490 neque
488 2423 518 2472 in
529 2422 669 2472 aerarium
680 2427 754 2472 retu·

7 2502 32 2546 t.
71 2494 157 2548 Varia
169 2496 339 2552 testimonia
349 2495 516 2565 legatorum
527 2489 772 2565 timunorumexse.

7 2579 57 2615 um
71 2574 163 2622 erant.
202 2570 246 2628 M.
259 2573 336 2629 Cato
348 2575 420 2626 ante
430 2565 617 2621 successies
631 2564 783 2618 conspuere
