1838 2954
216 46 350 116 progredi
360 39 448 97 siloae
459 39 737 111 paludesquepm'as
746 45 867 108 sinum

217 117 294 168 nulla
305 116 480 166 memorabili
491 130 521 166 re
533 121 621 180 gesta,
627 115 744 165 Romam
756 116 867 168 comitit

217 185 332 238 redisse.
369 184 474 235 Eodem
486 182 538 234 hoc
549 199 621 234 anno
632 185 666 234 Τ.
677 184 826 245 Quinctius
837 186 867 237 Ei

218 257 248 308 in
263 255 380 306 hiberna
395 254 545 304 reduxerat
562 258 670 318 copias,
689 259 783 303 totum
800 253 867 306 hieu

218 327 279 378 iure
290 324 409 375 dicundo
423 324 612 388 comsumpsit,
623 323 817 389 mutandisque
829 325 866 375 iis

217 395 305 462 ipsius
315 393 450 461 Philippi,
471 400 520 444 aut
531 392 736 459 praefectorum
747 394 809 443 eius
820 394 867 447 iicr

218 465 354 517 vitutibus
366 464 441 515 facta
452 472 539 526 erant,
551 478 647 529 quum,
659 478 726 513 suae
737 460 867 521 factionis

218 536 294 587 vires
310 534 450 602 augendo,
470 537 513 584 ius
528 548 561 584 ac
576 533 736 584 libertatem
752 533 867 586 aliorurr

218 611 290 657 rent.
305 602 388 655 Veris
399 603 479 653 initio
491 602 661 663 Corinthum,
673 609 812 654 conventu
823 602 867 655 edi

218 674 260 724 ibi
271 672 391 723 omnium
404 672 560 723 civitatium
577 672 734 738 legationes
753 673 784 722 in
805 688 867 724 conr

219 740 284 791 dum
300 738 481 792 circumfusus
496 749 540 792 est
555 742 708 804 allocutus3
730 755 811 794 orsus
827 744 863 796 ub

219 824 295 861 nrum
311 809 443 861 Romanis
461 811 589 863 amicitia
610 827 672 864 cum
687 811 861 863 Graecorum

218 881 426 948 imperatorum,
432 879 480 945 qui
491 885 555 933 ante
567 883 635 935 sein
645 880 814 934 Macedonia
824 882 867 933 fui

220 966 272 1018 quc
282 953 364 1004 rebus
374 950 470 1018 gestis.
506 952 606 1002 Omnia
620 965 683 1003 cum
698 951 867 1018 approbatio

219 1027 285 1073 sunt
299 1021 410 1085 audita3
430 1026 624 1088 praeterquam
638 1036 721 1087 quum
737 1021 774 1072 ad
789 1028 867 1075 ment

218 1089 290 1140 bidis
300 1099 411 1143 ventum
423 1096 512 1153 esset,
532 1091 562 1142 id
578 1091 693 1142 minimo
709 1092 867 1145 convenient

219 1157 365 1211 Graeciam
375 1160 531 1224 videbatur,
541 1167 692 1228 tyrannum
702 1159 867 1227 reliquisse,

216 1226 308 1278 solum
318 1228 427 1294 patriae
439 1245 565 1295 gravem,
580 1230 631 1283 sed
641 1230 767 1281 omnibus
779 1230 867 1282 cirum

217 1298 407 1378 metuendum,
428 1298 589 1353 haerentem
606 1299 760 1352 visceribus
779 1302 867 1355 nobili

216 1369 360 1460 ntaslrffiw
388 1437 446 1460 U„
470 1439 583 1460 !„.,.....-
613 1439 694 1460 LA..-
723 1439 798 1460 1-1·ι
826 1457 836 1460 ,Δ
