1838 2954
66 133 118 187 ros
212 135 245 186 r.
264 130 371 185 mvn
393 130 436 198 [o.
447 130 476 182 c.
488 127 545 199 ⁵⁵7·
561 126 593 182 a,
603 130 635 182 c.
649 128 720 200 ssa]

67 245 139 292 erat:
153 243 180 288 et
191 236 285 297 ceteri,
297 241 443 300 postquam
453 234 529 284 intra
539 233 643 282 sallum
656 232 729 283 hosts

65 309 132 375 ipsis
145 305 244 357 castris
256 304 341 366 exuti,
353 305 433 371 signa
444 317 574 367 armaque
586 301 729 352 abiiciunt.

65 385 113 428 tur
124 376 152 425 in
163 374 266 441 portis,
286 381 395 424 suomet
404 373 458 437 ipsi
470 371 579 437 agmine
589 371 618 420 in
630 377 694 422 arto
707 369 729 421 ln

65 443 216 498 secundani
225 449 306 509 terga
319 442 441 505 hostium
452 440 586 502 caedunt,
601 442 689 491 ceteri
701 457 729 492 ca

65 515 154 583 piunt.
183 512 312 563 Valerius
321 511 419 562 Antias
429 524 516 576 supra
527 509 729 576 quadragintas

65 586 151 635 stium
161 596 243 634 caesa
252 596 285 633 eo
298 580 343 632 die
353 580 458 631 scribit.
495 579 564 630 Cato
576 581 650 645 ipse,
663 577 729 631 hauc

65 658 206 705 trectator
216 650 330 702 laudum
340 664 465 712 suarum,
476 647 580 700 multos
593 664 691 702 caesos
702 649 729 701 rii

66 737 127 774 rum
141 736 195 773 non
208 719 330 772 ascribit.

118 789 192 843 xvi.
211 792 280 842 'l'ria
304 803 337 841 co
361 788 405 841 die
430 786 585 840 laudabilia
611 787 715 842 fecisse

65 875 167 923 unum,
184 860 270 927 quod,
286 858 475 912 circumducto
487 859 625 920 exercitu,
646 874 729 924 procu

67 930 125 982 suis
140 931 312 998 castrisque,
332 929 381 980 ubi
395 943 471 995 spem
488 928 543 978 nisi
556 929 586 978 in
599 928 707 980 virtute
727 928 729 979 1

66 1001 142 1052 inter
160 999 266 1052 medios
285 998 381 1050 hostes
401 997 539 1064 proelium
561 999 716 1049 commisit:

68 1069 142 1138 quod
159 1068 288 1123 cohortes
305 1070 340 1121 ab
360 1074 440 1134 tergo
461 1066 588 1119 hostibus
610 1068 728 1119 obiecit:

69 1138 142 1207 quod
152 1138 301 1193 secundam
311 1137 463 1204 legionem,
475 1137 574 1189 ceteris
587 1137 716 1189 omnibus
727 1162 729 1181 ι

68 1209 224 1276 sequendos
233 1207 337 1269 hostes,
343 1207 425 1273 pleno
435 1205 523 1273 gradu
530 1205 581 1257 sub
591 1206 679 1273 signis
688 1223 729 1260 cor

66 1278 289 1342 instructamque
308 1276 402 1326 subire
416 1276 452 1325 ad
472 1280 583 1340 portam
603 1282 729 1327 castroru

67 1343 145 1397 Nihil
155 1345 262 1406 ,deinde
278 1358 296 1395 a
315 1343 435 1395 victoria
449 1352 596 1395 cessatum.
634 1346 729 1408 Quum,

67 1415 147 1479 signo
159 1413 239 1475 dato,
250 1428 316 1463 suos
328 1412 424 1477 spoliis
437 1419 552 1464 onustos
563 1414 591 1462 in
603 1421 697 1466 castra
705 1431 729 1467 rr

67 1483 161 1550 paucis
174 1482 251 1534 horis
263 1482 350 1533 rioctis
364 1481 398 1531 ad
408 1481 529 1547 quietem
543 1482 623 1544 datis,
634 1484 669 1533 ad
681 1500 729 1550 pra

67 1555 96 1605 in
107 1568 190 1621 agros
206 1553 294 1604 duxit.
329 1550 465 1615 Effusius,
487 1559 518 1603 ut
533 1553 637 1618 sparsis
655 1553 730 1605 hosti

68 1624 197 1690 praedati
213 1628 285 1674 sunt.
323 1623 400 1684 Quae
416 1637 531 1672 resnou
547 1624 651 1684 rninus,
676 1639 729 1690 qua

69 1694 160 1761 pridie
179 1693 309 1753 adversa,
330 1692 685 1757 Emporitanos-Hispanos
708 1710 729 1744 a

70 1778 165 1814 eorum
177 1763 205 1812 in
217 1762 385 1813 deditionem
396 1761 537 1826 compulit.
574 1763 659 1813 Multi
671 1768 700 1815 ct
711 1765 729 1813 a

69 1831 212 1890 vitatium,
234 1831 280 1896 qui
291 1831 437 1896 Emporias
450 1830 641 1898 perfugerant,
658 1833 729 1885 dedis

70 1900 147 1960 Quos
159 1914 263 1960 omnes,
275 1901 430 1966 appellatos
442 1901 574 1966 benigne,
584 1902 706 1969 uinoque
718 1920 729 1955 c

69 1973 162 2029 ratos,
172 1968 269 2020 donros
282 1971 395 2021 dimisit.
433 1969 584 2021 Confestim
594 1971 659 2022 inde
671 1980 729 2024 cast

70 2045 107 2097 et,
120 2051 280 2104 quacunque
291 2039 437 2091 incedebat
448 2055 555 2106 agmen,
567 2039 652 2106 legati
666 2042 729 2095 ded(

71 2106 173 2156 ritates
184 2122 249 2158 suas
261 2110 451 2160 occurrebant.
488 2110 524 2159 Et
536 2126 618 2176 quum
630 2113 729 2164 'l'arrar

69 2175 125 2237 nit,
144 2174 200 2226 iam
213 2177 301 2226 omnis
315 2178 353 2227 cis
363 2179 471 2228 iberum
482 2178 619 2244 Hispania
630 2182 729 2246 perdor

71 2244 228 2310 captivique
240 2253 268 2297 et
279 2247 410 2310 Romani,
431 2253 459 2298 et
469 2249 576 2298 socium
588 2265 620 2299 ac
631 2250 729 2303 Latini

69 2315 156 2367 variis
168 2314 276 2365 casibus
289 2315 317 2364 in
327 2316 465 2381 llispania
477 2319 617 2383 oppressi,
640 2320 729 2373 donus

70 2402 88 2437 a
106 2384 231 2436 barbaris
253 2383 465 2437 reducebantur.
506 2389 593 2438 Fama
614 2388 715 2442 deinde

71 2454 211 2506 consulem
223 2453 252 2503 in
259 2453 457 2507 Turdetaniam
469 2458 622 2508 exercitum
634 2458 729 2512 ductui

70 2523 167 2576 devios
179 2529 336 2587 montanos,
359 2524 514 2591 profectum
527 2529 624 2587 ctiam,
646 2529 719 2580 falso

70 2600 121 2644 est.
156 2593 198 2646 Ad
211 2594 283 2646 hunc
294 2610 393 2645 vanum
406 2601 434 2646 ct
448 2597 507 2647 sinc
522 2603 637 2647 auctore
651 2599 710 2649 ullo
726 2616 729 2649 ι

55 2658 297 2733 Bergistanorum
309 2666 438 2724 civitatis
449 2672 561 2736 septem
570 2666 692 2716 castella
703 2668 729 2716 ds

100 2856 223 2922 *fle
