1838 2954
10 102 53 192 :l
83 132 872 206 mnxxxvmanssss.[o.c.ss5.s.c.1s7.]or

33 206 51 287 i
66 240 212 308 quantiam
221 239 327 292 adiecit
337 240 617 302 senatusconsultum,
636 240 810 292 Arretraciarn
819 259 873 294 nors

10 290 49 399 ἔ
64 309 152 362 uideri
161 310 189 364 ai
200 319 309 379 captam
319 326 383 363 esse.
420 309 595 377 supplicatio
608 310 682 373 inda,
693 324 728 361 ex
739 310 846 362 decenn
853 311 873 360 i-

10 394 25 407 ·
65 394 162 433 rorum
183 379 309 445 decreto,
330 395 382 448 pro
399 380 561 432 valetudine
579 380 675 447 populi
686 379 740 430 fuit
755 395 806 446 per
823 382 873 430 tri-

10 430 43 499 ¹.'
65 450 164 514 ouum,
172 450 239 518 quia
249 451 342 519 gravis
353 451 517 518 pestilentia
528 450 625 503 urbem
637 457 720 518 atque
733 464 816 516 agros
827 466 873 501 rs·

10 500 42 541 ³
64 520 170 573 stabat.
205 520 536 574 Latinseindefuerunt.
573 521 679 583 Quibus
689 519 873 587 religionibus

10 570 41 641 'f‘
64 590 184 643 liberati
194 590 338 654 eonsules,
360 597 390 643 et
401 590 511 643 delectu
526 589 667 656 perfecto,
689 593 783 654 (novis
799 590 873 642 enim

28 642 39 682 ¹
63 666 183 728 uterque
193 661 295 712 maluit
305 660 349 712 uti
359 661 514 723 militibus)
528 660 559 711 in
569 661 739 726 provinciam
751 660 872 727 profecti

63 735 142 783 sunt:
162 735 325 798 veteresque
337 744 432 782 omnes
443 730 621 782 dimiserunt.
650 730 719 782 Post
729 731 872 782 consulum

10 784 35 857 ,¹
63 798 269 868 profectionem
286 803 333 852 cn.
346 800 472 852 Manlius
486 800 638 867 proconsul
652 800 769 854 Romam
786 801 872 853 venit.

10 854 32 943 ξ’
62 870 115 923 cni
133 880 216 931 quum
231 870 266 922 ab
279 869 338 922 Ser.
355 868 479 937 Sulpicio
497 876 629 939 praetore
645 877 759 923 senatus
776 871 813 922 ad
828 886 872 922 ae·

28 938 33 959 ⁵
63 938 128 991 clem
134 938 268 992 Bellonae
281 939 362 993 datus
375 947 460 1002 essct,
471 947 500 992 ct
511 943 582 1007 ipse,
592 941 819 992 commemoratis
830 956 872 992 re·

10 996 32 1039 ὖ
61 1008 115 1062 bus
126 1009 162 1062 ab
173 1024 205 1062 se
215 1010 317 1078 gestis,
339 1010 525 1076 postulasset,
547 1015 580 1060 ut
591 1010 625 1060 ob
637 1023 684 1060 cas
695 1009 749 1059 aiis
761 1011 873 1061 immor·

10 1066 30 1117 ²¹
62 1078 169 1133 talibus
178 1077 267 1132 bonos
278 1079 445 1144 haberetur,
464 1079 572 1146 sibique
584 1077 766 1144 triumphanti
776 1081 872 1131 urbem

10 1126 29 1179 ᾖ
61 1148 280 1215 insebiliceret3
302 1149 531 1202 contradixerunt
548 1163 615 1216 pars
625 1149 715 1199 maior
726 1147 822 1200 decom
833 1149 873 1201 lc·

10 1210 25 1247 ¹
41 1260 45 1267 .
62 1226 203 1290 gatornm,
214 1218 263 1289 qui
272 1237 336 1274 cum
348 1235 381 1272 eo
393 1219 513 1282 fuerant,
525 1226 554 1272 et
565 1223 630 1271 unte
641 1218 714 1270 alios
724 1217 758 1270 L.
769 1218 872 1269 Furius

10 1278 26 1363 ,¹
62 1291 216 1356 Purpureo,
229 1296 258 1342 et
267 1290 300 1342 L.
310 1289 445 1344 Aemilius
457 1291 577 1343 Paullus

10 1344 25 1385 ἰ
114 1357 202 1412 XLV.
222 1359 344 1442 Legatos
359 1377 419 1414 sese
434 1359 482 1415 Cn.
500 1360 605 1414 Manlia
621 1360 700 1412 datos
712 1359 792 1427 pacis
811 1374 873 1410 cum

10 1418 23 1453 '¹
60 1428 352 1501 Antincbofacssndae
363 1447 456 1495 causa,
463 1431 639 1504 foederisque
651 1439 680 1481 et
689 1432 789 1499 legum,
802 1444 873 1494 quae

16 1490 31 1527 ‘·'
62 1516 123 1559 cara
133 1499 167 1551 L.
181 1499 306 1568 Scipione
315 1500 460 1555 inclinatae
474 1501 612 1574 fuissent,
629 1498 872 1568 perficiendorum.

62 1567 111 1623 Cn.
128 1567 265 1623 Manlium
282 1583 386 1624 summa
403 1587 453 1639 ope
471 1569 631 1630 tetendisse,
651 1577 683 1620 nt
699 1584 758 1620 enm
775 1584 873 1635 pacem

15 1650 19 1663 ’
61 1639 200 1704 turbaret,
211 1648 239 1692 et
250 1638 423 1703 Antiochum,
435 1641 460 1693 si
470 1640 514 1693 sui
521 1647 686 1708 potestatem
692 1638 818 1710 fecisset,
832 1638 873 1690 in-

10 1702 17 1739 '
60 1707 141 1762 sidiis
153 1709 304 1776 exciperet:
325 1710 479 1774 sedilium,
500 1709 615 1780 cognita
627 1708 873 1780 praedecantatas,

10 1774 16 1807 ¹
61 1794 233 1847 quamsaepe
243 1779 385 1847 colloquiis
395 1779 494 1847 petitis
505 1786 636 1847 captatus
647 1786 728 1841 esset,
747 1795 801 1831 nan
812 1795 873 1831 con-

10 1842 14 1877 ¹
57 1865 183 1919 gressum
193 1851 280 1913 modo,
291 1851 338 1901 sed
346 1860 517 1918 conspectant
529 1849 613 1902 etiam
623 1846 680 1899 eius
691 1847 801 1901 sicana
822 1846 874 1900 Cu·
908 1878 911 1885 ·

10 1924 12 1941 '
57 1920 179 2040 pientebm
200 1920 320 1973 transire
334 1919 463 2002 ‚Ttm't
484 1937 567 1990 aegre
583 1917 700 2040 amicalium
719 1920 873 1988 legatarum

58 2005 140 2112 tit:
149 1990 872 2134 tutt?'ftttt,tltltttstitutus.

61 2139 134 2182 tum:
155 2130 301 2183 adcrevisse
310 2141 400 2184 tuanen
411 2130 571 2194 exercitum,
589 2137 616 2182 et
622 2144 710 2200 prope
721 2129 789 2198 ipsis
799 2128 874 2197 iugis

61 2201 99 2251 sd
113 2198 234 2254 diuortia
245 2217 379 2269 aquarum
390 2211 484 2254 castra
497 2200 631 2270 posuisse.
651 2200 756 2264 ,Quum
770 2201 872 2250 nullam

60 2269 101 2322 iti
118 2286 227 2323 causam
240 2271 301 2324 belli
316 2271 464 2336 inveniret,
485 2269 682 2339 quiescentibus
699 2268 797 2337 regiis,
818 2267 871 2319 cir·

59 2341 208 2411 cumegisse
227 2342 377 2395 exercitum
398 2343 435 2394 ad
461 2343 670 2412 Gallograecum
699 2337 744 2390 cui
762 2336 872 2392 nationi

58 2426 116 2464 nan
127 2428 160 2464 ex
171 2422 281 2464 serratus
291 2412 475 2474 anctoritate,
496 2429 549 2467 stan
556 2409 653 2478 populi
663 2407 755 2471 iussu,
774 2407 871 2459 bellurn

59 2480 177 2534 illatum.
216 2480 295 2546 Quod
305 2499 382 2550 quem
392 2499 514 2553 essequam
524 2483 556 2534 sle
566 2497 618 2532 sua
628 2478 771 2530 sententis
781 2477 884 2542 §uem

56 2553 174 2601 aucuns!
191 2550 335 2621 danorii,
354 2554 501 2628 Philippi,
513 2545 689 2607 Hannibalis
701 2544 911 2595 effossurum

43 2619 238 2674 recentissima
258 2624 332 2681 bella
349 2645 426 2683 esser
448 2630 485 2684 de
503 2617 699 2680 inanibusb's*
710 2604 919 2720 ”wigii-:⁴

31 2693 148 2754 ”asma
164 2697 468 2762 consternantem
497 2711 593 2770 saepe
606 2696 739 2763 teganus
757 2691 800 2730 on
