1838 2954
13 106 228 225 Qxxxvu.
246 137 319 189 cn.
330 136 424 190 aeae.
437 135 721 208 [aeaut-Cama
733 139 783 195 ³45

13 212 63 297 ἦ,
79 236 113 289 ad
128 235 329 305 explorandum
347 240 414 302 iter,
434 247 463 292 et
480 249 623 307 quaparte
640 242 710 295 adiri
728 246 786 295 val-

13 298 176 358 “hostium
189 314 296 374 posset,
316 310 429 371 missus,
449 318 594 376 postquam
607 315 699 364 onmia
710 320 787 365 eerta

13 372 96 439 uelit,
112 384 224 443 postero
237 377 282 427 die
293 378 404 444 propius
417 386 508 430 castra
519 379 659 432 admoueri
672 381 786 447 placuit.

13 426 89 497 Penio
104 446 184 514 signa
198 446 227 495 in
247 447 368 498 medium
389 449 480 512 campi
502 448 624 514 prolata,
646 457 674 501 et
689 451 789 502 instrui

13 508 67 577 ,des
81 520 180 581 coepta
196 520 247 566 est.
283 515 341 567 Nee
352 516 504 568 Antiochus
520 517 594 567 ultra
605 520 791 586 tergiversan-

13 588 59 633 ¹lm
68 588 155 647 ratus,
166 598 200 635 ne
211 589 239 635 et
249 599 359 635 suorum
372 587 444 637 anim
450 601 479 636 us
490 587 624 639 minueret
636 588 791 640 detrectan-

13 656 35 701 iu
46 658 195 716 certamen,
216 659 244 704 et
261 653 383 705 hostium
395 670 471 720 spem
484 662 613 722 augeret,
637 658 734 724 etipse
747 673 791 708 eo·

13 716 53 772 ira
62 721 171 785 eduxit3
193 728 301 773 tantum
313 738 475 790 progressus
487 739 503 775 a
514 726 622 787 castris,
633 731 665 775 ut
678 728 792 777 dimica-

13 800 83 841 aranr
94 796 250 857 appareret.
277 792 403 844 Romana
414 793 487 845 acies
496 794 576 844 unius
588 809 673 861 prope
685 794 792 847 formae

13 858 55 922 rit,
65 864 94 911 et
103 857 242 912 hominum
255 866 283 911 et
294 876 433 912 armorum
443 878 552 928 genere.
576 861 790 932 Duae'legtones

13 934 141 993 hmanae,
151 929 222 981 duae
233 930 340 980 socium
352 946 384 981 ae
393 931 488 981 Latini
500 933 619 981 nominis
631 941 720 984 erant:
733 935 790 1000 qui·

13 998 132 1051 amillia
147 1005 176 1065 et
192 998 396 1065 quadringenos
412 1000 538 1066 singulae
552 999 700 1052 habebant.
737 1003 791 1051 Ro·

13 1068 66 1121 iani
79 1067 201 1120 mediam
220 1068 321 1130 aciem,
343 1083 445 1119 cornua
455 1068 551 1119 Latini
564 1075 723 1119 tenuerunt:
746 1067 792 1119 ha·

13 1142 129 1191 ntorum
141 1137 232 1203 prima
244 1138 334 1202 signa,
345 1136 443 1188 deinde
455 1137 608 1202 principum
621 1144 711 1187 erant:
727 1137 793 1187 tria·

12 1207 22 1258 i
31 1212 194 1274 postremos
206 1206 382 1258 claudebant.
411 1207 500 1256 Extra
511 1204 581 1256 hanc
592 1206 680 1258 veluti
689 1207 791 1257 iustam

13 1277 92 1338 dem,
114 1281 224 1341 aparte
242 1275 341 1327 dextra
359 1275 458 1327 consul
472 1274 642 1327 Achaeorum
659 1276 793 1326 caetratis

13 1344 135 1397 amixtos
146 1343 298 1396 auxiliares
309 1344 455 1406 Eumenis,
476 1345 534 1395 tria
549 1344 640 1395 millia
650 1344 738 1397 ferme
749 1360 793 1410 pe·

14 1414 96 1476 tum,
119 1419 239 1480 aequata
253 1411 345 1465 fronte
357 1413 503 1464 instruxit:
525 1413 601 1464 ultra
613 1429 660 1465 etis
672 1415 794 1481 equitum

13 1487 81 1536 inus
94 1484 152 1534 tria
162 1481 252 1533 millia
264 1483 411 1547 opposuit;
423 1500 456 1534 ex
465 1483 698 1549 quibusEumenis
709 1484 796 1532 octin-

13 1553 83 1614 :nti,
106 1552 230 1618 reliquus
242 1552 330 1601 omnis
347 1553 487 1618 equitatus
501 1554 639 1602 ltomanus
655 1558 728 1601 erat:
750 1567 796 1600 ex·

13 1637 97 1676 emes
112 1621 223 1672 Tralles
240 1630 268 1671 et
283 1621 429 1673 Cretenses
445 1621 672 1686 (quingentorum
687 1622 796 1686 utrique

13 1705 138 1744 rmerum
150 1687 312 1755 explebant)
324 1691 431 1741 statuit.
460 1691 584 1740 Laevum
597 1704 681 1738 cornu
693 1703 747 1739 non
757 1689 797 1738 vi-

13 1763 113 1815 tbatur
124 1775 207 1825 egere
218 1758 321 1809 talibus
330 1760 448 1820 auxiliis,
455 1760 520 1824 quia
529 1757 670 1809 llnmenab
678 1764 798 1824 capartc

13 1844 127 1900 paeque
139 1829 272 1894 deruptae
284 1829 458 1879 claudebant.
479 1828 617 1887 Quattuor
627 1833 719 1878 tamen
731 1826 796 1878 inde

13 1914 106 1952 rrmae
123 1897 246 1964 equitum
260 1899 414 1963 oppositae.
450 1898 528 1948 Haec
538 1912 644 1946 summa
656 1896 797 1962 cupiarum

13 1974 56 2021 ’at
67 1967 218 2030 Romanis,
240 1973 267 2017 et
283 1967 337 2017 duo
354 1967 442 2017 millia
452 1967 602 2016 mixtorum
613 1967 798 2019 Macedonum

13 2039 203 2102 niueumque,
224 2037 271 2101 qui
287 2037 431 2087 voluntate
447 2036 535 2086 secuti
546 2041 633 2085 erant.
670 2035 710 2085 lli
721 2050 799 2101 prae·

15 2107 71 2159 dio
82 2104 174 2156 relicti
190 2113 252 2154 sunt
264 2105 372 2156 eastris.
410 2105 552 2156 Sexdeeim
565 2104 726 2169 elephantos
737 2109 800 2170 post

13 2175 111 2228 iarios
122 2175 150 2224 in
161 2174 285 2224 subsidio
298 2174 469 2225 locaverunt.
506 2175 587 2235 Nam,
606 2182 799 2241 praeterquam

13 2243 71 2298 uod
93 2244 298 2294 multitudinem
319 2247 458 2310 regiorum
480 2243 688 2308 elephantorum
706 2245 800 2307 (erant

13 2321 92 2367 utem
104 2321 237 2380 quattuor
247 2320 274 2364 et
287 2312 498 2379 quinquaginta)
513 2314 648 2363 sustinere
661 2326 716 2359 non
726 2308 801 2358 vide-

13 2391 205 2449 anturposse,
226 2400 260 2434 ne
277 2383 337 2448 pari
353 2382 461 2447 quidem
479 2397 592 2432 numero
603 2380 704 2430 lodieis
715 2377 801 2428 Africi

13 2451 147 2515 esistunt3
168 2453 225 2503 sive
247 2452 311 2519 quia
331 2451 533 2516 nragnitudine,
555 2451 654 2514 (longe
671 2449 742 2498 enim
759 2445 803 2494 illi

13 2520 165 2590 raestant)
181 2525 239 2572 sive
250 2522 350 2572 robore
362 2521 521 2572 animorum
531 2519 693 2570 uincuntur.

41 2591 102 2637 XL.
124 2591 216 2653 Regia
240 2591 317 2642 acies
338 2593 421 2644 varia
444 2594 544 2660 magis
563 2587 673 2641 uiuitis
694 2580 850 2650 quaemus„

13 2655 216 2710 salmilr'tudine
227 2674 381 2718 armorum
390 2649 870 2730 auxiliorumqueerat.xhceem
