1838 2954
13 112 31 148 ι.
42 88 270 171 xxxvncuc.
281 86 325 146 54.
340 91 568 162 [neaman.
579 93 648 164 ap]
668 92 719 149 aaa

13 201 181 254 irinatitata
194 210 298 265 centra,
320 201 491 271 otgarium,
511 201 638 271 Plcilippi
654 202 720 256 della

13 289 37 337 i,
57 288 130 325 nnnc
145 272 277 324 cervitate
292 280 335 325 tot
350 271 503 324 civitatium
519 273 720 345 deformaretia.

13 344 22 394 'r
41 341 92 396 dac
106 342 281 405 necessitate,
304 352 354 396 aut
368 342 481 411 gratiae
496 343 525 395 in
540 343 656 395 arcticum
673 342 721 394 mi·

13 429 44 475 re,
54 422 105 465 aut
113 414 221 482 gloriae
231 422 346 477 neutrae,
357 413 468 484 egregie
479 429 525 465 aas
533 415 654 487 fortuna
665 412 720 465 uin·

17 483 73 536 Est
85 483 154 536 enim
166 484 242 535 deum
254 483 422 554 benignitate
433 500 485 537 non
494 483 722 554 gloriacarnagic,

13 553 86 617 liaeo,
96 553 214 606 uictoria
224 563 331 608 centra:
352 571 421 623 quae
432 553 572 626 aarfacile
582 554 635 606 icta
647 555 722 606 uelut

13 623 80 677 lieno
95 626 225 677 corolum.
263 624 536 694 Nametlrpcaonia,
558 622 721 694 etPlurygia

13 711 45 757 e,
65 702 92 746 et
102 691 208 746 Piiidia
229 696 327 759 omnir,
349 704 376 749 et
388 694 581 758 Oderaanecut,
601 708 721 763 quaeque

15 763 108 818 iacent
119 765 258 833 Europae,
269 765 299 819 in
310 774 401 819 neutra
411 777 475 820 runt
482 773 629 834 poteritate.
649 763 722 829 Qua·

13 850 44 887 ia
61 834 198 902 quaelibet
213 836 275 905 regi
292 836 399 889 adiecta
411 837 597 904 multiplicare
606 850 722 905 regnum

13 904 43 957 iit
49 913 156 971 potest.-
175 922 263 958 omnen
273 922 335 959 uero
347 909 429 960 datae
441 905 568 958 maximio
580 920 639 956 eum
649 904 722 975 regi·

13 990 95 1028 tuane.
122 973 201 1027 licet
212 992 277 1046 erga
287 977 369 1039 aelric,
381 986 408 1028 et
414 975 549 1044 praemiii
559 973 621 1026 belli
632 972 721 1025 ditare

28 1053 56 1097 et
66 1062 120 1097 nan
133 1045 258 1097 decedere
269 1045 398 1103 instituta
408 1055 506 1108 ueatra,
524 1052 551 1096 et
562 1042 722 1107 muninime,

13 1114 123 1170 titulum
140 1115 354 1184 praetenderitia
370 1114 451 1182 priua
472 1115 600 1168 advertus
614 1111 722 1182 Plrilip·

13 1202 73 1239 mnc
83 1185 211 1238 adrerum
221 1183 396 1248 Antiochum,
409 1184 472 1238 delli
479 1205 488 1238 .·
510 1184 577 1253 quid
580 1182 720 1257 feceritis,

13 1273 43 1325 pa
61 1255 133 1308 nicta
140 1272 152 1318 ,·
173 1255 238 1324 qaid
252 1272 356 1310 nuncu
373 1255 461 1319 uadit,
482 1272 535 1311 nan
551 1255 640 1324 magio
656 1254 722 1323 quia

13 1344 31 1391 r,
56 1342 135 1394 quam
148 1325 212 1394 quia
228 1325 258 1377 id
274 1342 319 1379 roa
329 1326 427 1398 facere
444 1328 532 1390 decet,
552 1323 722 1378 desideretur

13 1405 192 1465 enrpectetur.
229 1394 294 1448 Alia
310 1396 382 1452 enim
402 1397 466 1450 aliis
482 1407 508 1450 ct
519 1395 631 1449 donanto
643 1406 683 1449 ert
696 1405 723 1447 et

13 1466 57 1519 ilic
70 1482 152 1518 cauca
164 1481 308 1518 armorum.
344 1467 392 1520 Illi
408 1482 521 1538 agrum,
542 1464 571 1516 ln·
586 1465 674 1529 uicos,
695 1463 724 1517 lei

19 1574 28 1603 ,
50 1536 79 1588 la·
90 1547 202 1603 partus,
224 1552 351 1605 aramque
367 1537 487 1604 aliquam
500 1535 623 1588 muriunt
634 1534 723 1603 pacci-

45 1605 97 1658 Vae
112 1624 161 1660 nec
177 1606 289 1673 cupierit
304 1607 383 1670 laec,
406 1616 550 1674 antequam
571 1603 722 1657 haberetis:

13 1695 56 1740 ne,
78 1693 160 1743 quum
174 1675 245 1731 arlia
261 1687 400 1730 terrarum
417 1677 446 1729 in
459 1675 560 1728 ditione
572 1684 663 1728 neutra
676 1674 722 1737 ait,

25 1747 150 1815 potentio.
186 1747 244 1800 Pro
260 1747 396 1818 dignitate
415 1756 442 1799 et
452 1744 546 1817 gloria
557 1746 630 1813 apud
647 1762 723 1798 anone

16 1818 177 1881 lcumanum,
200 1819 271 1886 quod
285 1827 403 1870 cestrum
420 1833 515 1869 nornen
527 1814 723 1885 imperiumque

13 1905 39 1941 tc
51 1888 282 1942 dearimmartalec
292 1888 349 1941 iam
359 1887 463 1959 pridem
474 1886 608 1951 intuetur,
614 1902 724 1957 pugna·

13 1958 87 2023 Quae
95 1975 200 2025 parare
213 1969 241 2011 et
255 1975 384 2027 quaerere
403 1959 517 2010 arduum
532 1955 611 2027 fuit,
632 1954 723 2010 neacia

13 2029 37 2082 ri
54 2027 194 2095 difficilius
209 2030 254 2081 ait.
296 2028 392 2082 Gentis
403 2026 603 2090 aetrcrticaimae
615 2025 724 2080 nabilis·

13 2117 63 2162 ue,
83 2102 125 2152 uel
132 2101 215 2172 fama
227 2116 318 2151 rernm
332 2107 489 2166 gestarum,
510 2101 553 2151 ael
568 2098 641 2150 omni
657 2111 726 2148 cone·

14 2171 86 2223 tione
98 2168 279 2224 lucamanitatis
292 2169 538 2236 doctrinarumque,
549 2170 679 2222 tuendam
692 2166 725 2217 ad

13 2259 24 2293 a
48 2240 124 2309 regia
148 2242 301 2293 libertatem
323 2239 488 2308 sreocepictic.
524 2239 584 2291 Hac
602 2236 727 2306 parraci-

13 2316 133 2378 receptae
147 2310 177 2363 in
186 2312 271 2381 fldem
287 2320 314 2362 et
328 2309 356 2363 in
370 2312 522 2364 clientelam
534 2318 652 2361 neutram
667 2306 726 2359 uni·

22 2381 115 2450 gentio
133 2391 296 2449 perpetuum
314 2397 359 2432 naa
371 2389 516 2449 praestare
535 2381 617 2431 decet.
655 2376 725 2440 Nan,

13 2454 89 2517 paolo
103 2453 180 2503 mado
191 2451 304 2520 antiquo
317 2461 392 2517 aient,
411 2453 541 2506 Graecae
549 2447 647 2517 niagno
654 2445 743 2495 nunu

13 2537 74 2572 uam
87 2522 211 2577 coloniae
222 2541 331 2593 earum,
339 2530 342 2535 ’
351 2524 434 2580 illinc
449 2522 597 2591 quondum
605 2512 766 2584 WWW

13 2607 45 2642 m.
65 2591 126 2647 Nec
137 2603 350 2655 terramulata
362 2594 493 2654 anatona
507 2604 604 2665 genus
615 2578 792 2638 numm*

14 2661 69 2729 ,¹²50
81 2672 250 2729 certamine
268 2673 433 2732 cuiuslibet
449 2671 549 2729 bonae
561 2655 645 2718 σιώ*
658 2660 699 2705 ⁰⁴⁸
709 2638 801 2692 ww
