1838 2954
22 1 33 17 ·’
88 12 873 85 oninxxxvm.crassas.[uenas-aenesius

71 123 209 176 Manlium
224 121 367 173 inimicum
384 122 534 176 incessens.
570 125 607 176 Et
617 126 650 179 L.
662 124 771 192 Scipio,
793 140 876 193 quem

71 193 160 260 aragia
171 207 222 259 pro
232 206 273 253 se,
285 206 366 258 quam
379 191 511 245 adsersus
521 193 624 261 legem,
642 195 781 247 dictorum
793 210 877 262 appa·

71 264 160 325 rebat,
181 261 324 312 dissuasor
335 263 480 328 processit.
516 263 544 314 ls
555 270 620 329 post
634 272 752 318 mortem
762 263 793 316 P.
805 264 876 316 Airi-

13 368 17 399 :
73 333 137 385 cani
157 331 268 394 fratris,
288 331 343 382 siri
364 335 485 385 omnium
501 332 650 384 fortissimi
665 335 877 401 clarissimique,

13 462 20 469 ,
73 418 135 456 eam
156 407 283 453 exortam
302 403 479 468 rogationem
497 408 541 454 est
557 409 734 470 conquestus.
770 403 878 456 Parum

12 510 23 541 f
71 471 143 525 enim
158 470 263 543 fuisse,
284 487 337 523 aton
354 472 468 526 laudari
483 488 537 541 pro
548 470 658 526 Rostris
667 473 739 525 Ρ.Α
770 471 879 526 iconum

12 564 41 613 ·.-'
68 549 270 613 postmortem,
288 540 435 594 aieietiam
453 552 640 597 accusaretur.
675 540 716 595 Et
752 541 881 612 artlcags'·

12 646 32 683 f,
70 612 176 667 aientes
197 607 293 663 exsilio
313 608 480 665 Hannibalis
501 622 641 666 contentae
660 628 731 664 esee:
748 614 880 681 populum

12 720 35 754 ἱ,
71 682 224 735 Romanum
234 698 268 733 ne
278 690 363 733 ecorte
375 681 480 749 quidem
489 680 522 734 P.
530 681 665 755 Scipionis
675 680 817 745 exsatiari,
826 681 882 736 nisi

11 788 35 826 ,ὲ
72 763 99 806 et
109 749 197 819 ipsius
202 750 285 822 fama
298 753 395 817 sepulti
406 755 552 816 laceretur,
562 762 590 805 et
594 754 693 826 frater
703 751 825 819 insuper,
836 768 881 806 ac·

11 860 34 895 5
73 820 159 876 cessio
169 819 300 881 invidiae,
310 830 454 874 spectetur.
470 823 587 876 licata
597 823 686 876 suasit
696 823 880 890 rogationem,

11 918 34 966 L
72 894 178 957 (exstat
203 889 295 940 oratio
316 890 375 942 eius
396 890 430 944 dc
451 893 569 959 pecunia
590 893 666 960 regis
684 890 827 953 Antiochi)
851 897 881 944 et

11 1002 32 1035 Ξ
72 958 225 1015 Mummios
235 958 363 1011 tribunos
370 961 542 1013 auctoritate
554 961 697 1024 deterruit,
708 976 742 1013 ne
753 959 880 1012 adversa·

11 1056 35 1109 p.
72 1035 173 1084 rentur
186 1029 338 1096 rogationi.
375 1030 591 1083 Remittentibus
609 1044 676 1096 ergo
692 1029 881 1082 hisinterces·

11 1096 37 1155 .-”
77 1103 196 1162 sionem,
208 1113 304 1152 omnes
314 1099 414 1163 tribus,
425 1103 466 1152 uti
475 1106 631 1166 rogassent,
641 1101 790 1153 iusserunt.

11 1158 37 1181 ⁵
127 1168 185 1223 LV.
207 1167 267 1221 Ser.
279 1168 402 1236 Sulpicio
421 1170 520 1223 deinde
538 1169 690 1233 referente,
710 1182 883 1237 quemrogu·

73 1241 153 1293 tione
162 1238 276 1291 Petillia
288 1255 420 1306 quaerere
431 1242 545 1303 vellent,
556 1241 589 1303 Q.
600 1242 762 1292 Terentium
772 1238 883 1290 Culleo·

10 1344 49 1393 ἡ
74 1325 138 1365 nem
158 1308 258 1360 Patres
277 1310 427 1362 iusserunt.
462 1310 505 1364 Ad
524 1309 597 1362 hune
615 1316 788 1377 praetorem,
810 1307 882 1360 adeo

75 1380 195 1433 amicum
209 1379 355 1433 Corneliae
367 1379 502 1445 familiae,
513 1387 555 1446 ut,
566 1381 614 1448 qui
624 1380 731 1432 Romae
742 1384 883 1429 mortuum

14 1430 49 1539 Ξ
75 1451 235 1516 elatumque
248 1448 275 1500 P.
289 1449 443 1517 Scipionem
461 1453 522 1519 (est
540 1451 611 1503 enim
623 1464 657 1501 ea
668 1456 778 1517 quoque
789 1447 882 1509 fama)

23 1570 48 1591 -.
74 1519 202 1582 tradunt,
214 1518 359 1585 pileatum,
375 1522 449 1572 sieut
459 1521 490 1573 in
502 1518 644 1585 triumpho
654 1520 736 1581 ierat,
746 1519 775 1568 in
785 1516 883 1584 sonere

21 1596 51 1677 f,
75 1604 186 1658 quoque
198 1596 263 1657 ante
273 1589 376 1640 lectum
388 1592 460 1653 isse,
481 1590 633 1642 memoriae
645 1587 833 1656 prodiderint,
855 1590 883 1637 et

44 1662 51 1675 '
76 1659 112 1713 ad
124 1664 235 1725 portam
246 1659 385 1724 Capenam
396 1659 515 1710 mulsum
526 1659 682 1726 prosecutis
698 1657 781 1709 funus
794 1653 883 1707 deus-

9 1714 51 1769 ·'f
75 1726 201 1796 eoquod
210 1726 246 1779 ab
256 1742 290 1780 eo
301 1728 375 1781 inter
384 1729 457 1780 alios
469 1729 594 1795 captivos
605 1731 634 1779 in
643 1728 739 1780 Africa
749 1740 784 1779 ex
796 1724 883 1777 hosti·

9 1788 35 1822 '¹
74 1800 126 1853 bus
139 1803 269 1865 receptus
281 1804 368 1852 esset:
390 1804 441 1850 aut
458 1798 529 1850 adco
544 1799 688 1849 inimicum
699 1795 830 1858 eundem,
850 1800 883 1845 ut

9 1856 53 1909 l*
75 1874 191 1937 propter
210 1867 346 1935 insignem
367 1868 538 1922 simultatem
555 1868 590 1920 ab
607 1868 792 1928 comotione,
813 1879 883 1931 quae

10 1926 54 1977 F
76 1938 195 1993 adversa
206 1935 382 2004 Scipionibus
394 1944 463 2001 erat,
475 1939 600 1991 delectus
611 1938 649 1989 sit
658 1936 835 2006 potissimum
847 1933 884 1984 acl

9 1998 53 2031 ²¹
77 2007 270 2077 quaestionem
292 2009 487 2073 exercendam
510 2014 631 2061 ceterum
654 2008 690 2061 ad
710 2006 783 2059 hunc
801 2003 884 2056 nimis

8 2051 53 2151 ff,
77 2092 197 2146 aequum
210 2083 260 2129 aut
270 2077 394 2144 iniquum
406 2084 562 2151 praetorem
575 2094 639 2130 reus
647 2077 786 2143 extemplo
793 2075 885 2124 iactus

9 2158 29 2201 .··
44 2146 54 2167 ·“
76 2147 232 2214 L.,Scipio;
252 2148 376 2200 simulet
388 2147 482 2200 delata
494 2154 646 2215 etrecepta
655 2148 768 2200 nentina
777 2144 886 2206 legato·

8 2207 53 2243 ἢ
76 2233 139 2270 rum
151 2218 221 2279 eius,
231 2219 262 2269 A.
275 2224 305 2270 et
316 2217 349 2269 L.
361 2217 557 2280 Hostiliorum,
570 2219 714 2278 Catonum,
726 2219 754 2265 et
765 2213 794 2262 C.
805 2209 887 2261 Furii

8 2260 53 2313 δ’
77 2287 226 2341 Aculeonis
242 2288 412 2354 quaestoris:
435 2293 476 2351 et,
495 2294 527 2338 ut
545 2289 639 2340 omnia
657 2286 788 2338 contacta
798 2279 886 2331 socie·

8 2348 53 2423 “f
78 2363 136 2411 tute
148 2357 293 2427 peculatus
305 2356 476 2419 riderentur,
496 2355 605 2409 scribac
616 2367 726 2422 quoquc
737 2351 793 2400 ιΙιιιι
804 2356 890 2422 etac-

10 2416 39 2451 ¹²
78 2444 185 2481 consus.
221 2426 254 2479 L.
266 2428 416 2491 Hostilius,
428 2433 458 2482 ct
469 2428 594 2488 scribae,
611 2430 644 2478 et
654 2421 918 2502 ιιι.ιιιιριιιὶιιιῖ)““ἶ

8 2486 45 2599 ²:
73 2513 155 2575 aarum
166 2497 201 2548 de
211 2496 346 2582 Sciplope
357 2499 503 2553 iudicium
515 2501 614 2559 lieret,
623 2483 912 2591 &⁵meng

8 2602 22 2647 ι·
56 2567 377 2696 catanance
565 2574 603 2624 e
