1838 2954
18 37 193 85 uvillm
199 46 224 83 Ρ.
230 38 273 83 13.
279 39 322 84 14.
334 39 630 100 [U.c·to3.A·c.189.]
641 40 695 87 3⁸0

18 130 150 189 urlttau
165 131 272 183 auxilia
288 132 468 198 accepissent.
504 131 568 185 lude
580 131 616 183 ud
626 130 697 185 Gor·

20 217 42 263 a,
58 200 133 267 quod
144 207 255 264 vocant,
272 216 433 271 processum
444 207 496 255 oet.
531 203 575 255 Ex
587 216 622 254 eo
633 201 698 254 loeo

18 287 34 321 r
50 270 144 322 tertiis
156 272 255 323 castris
266 278 438 338 perventum.
473 272 505 323 ln
515 271 617 325 linibus
628 270 700 323 Piri·

18 341 104 406 posita
122 347 165 392 est
179 343 259 404 urbs,
279 342 308 393 in
320 356 353 394 eu
363 347 456 408 parte,
477 358 548 409 quae
559 342 651 407 vergit
663 338 700 392 ad

20 411 88 461 lium
107 426 192 463 mare.
229 412 350 478 Integris
371 412 477 463 viribus
494 411 620 480 regionis
631 411 701 472 eiua,

21 481 57 532 ad
71 481 232 533 bellandum
244 481 365 535 habebat
376 481 461 533 riroa.
498 484 569 533 Tum
589 495 700 548 quoque

34 551 63 601 in
79 566 180 620 agmen
190 552 345 604 Romanum
356 551 500 618 eruptione
511 549 603 613 faeta,
625 549 701 603 lraud

18 620 102 687 primo
113 621 220 688 impetu
229 624 391 675 turbavere:
402 621 512 685 deinde,
522 626 555 672 ut
560 621 702 688 apparuit,

18 705 70 743 ero
83 707 121 757 ae,
132 707 183 743 neo
193 692 297 745 uirtute
308 706 467 759 paresesse,
478 690 508 743 in
518 693 616 744 urbem
629 705 702 743 oom-

18 762 97 813 tnianr
108 762 213 815 erroris
226 764 367 829 petebant,
377 762 479 816 dedere
489 762 587 815 urbem
601 759 702 827 parati.

17 843 24 878 ε
42 836 71 878 at
84 833 184 898 viginti
195 833 304 885 talenta
315 833 438 902 argenti,
459 837 489 885 et
504 831 599 882 decern
610 829 703 883 millia

18 912 64 949 um
78 898 169 951 tritici
184 902 329 969 imperata
364 903 409 954 lta
422 902 452 953 in
468 899 641 952 deditionem
658 913 703 951 ao·

17 1074 23 1088 .
44 1038 144 1090 Tertio
159 1039 225 1091 inde
242 1039 288 1091 die
306 1040 341 1092 ad
355 1039 461 1091 Chaunr
472 1051 581 1089 amnem
591 1050 704 1104 perven-

17 1107 55 1160 .de
69 1107 193 1174 profecti
204 1111 318 1161 Erizam
334 1110 432 1161 urbem
443 1108 533 1175 primo
543 1107 650 1174 impetu
661 1121 705 1159 oe·
719 1127 734 1143 ·

42 1179 84 1231 Ad
93 1178 257 1231 Thabusion
268 1179 424 1242 castellum,
440 1178 586 1233 imminent
596 1174 707 1229 llumini

17 1253 110 1297 ontum
121 1253 177 1311 eat3
199 1250 244 1300 cui
254 1249 362 1305 fecerat
373 1264 476 1303 nornen
485 1248 585 1313 Indue,
604 1246 640 1299 ab
651 1246 706 1299 ele·

17 1314 149 1370 deiectus.
168 1317 253 1370 Haud
263 1320 362 1386 procul
373 1336 391 1372 a
398 1320 503 1387 Cibyra
514 1319 644 1372 aberant:
656 1329 707 1368 neo

17 1385 73 1438 ulla
84 1386 253 1453 aMoagete,
271 1395 392 1457 tyranno
405 1389 528 1441 civitatis
540 1389 608 1451 oiur,
618 1384 708 1438 horni-

17 1457 87 1507 nnia
103 1456 189 1508 iuiido
200 1463 283 1524 etque
294 1459 470 1525 importuno,
489 1457 630 1509 veniebat.
665 1453 708 1507 Ad

18 1542 64 1578 um
84 1527 145 1577 eius
158 1527 280 1579 animuin
290 1529 319 1579 C.
330 1528 481 1589 Helvium,
501 1540 563 1577 curn
575 1528 709 1591 quattuor

17 1613 24 1647 r
35 1596 161 1663 peditum
173 1603 201 1649 et
207 1598 366 1666 quingentis
373 1597 522 1663 equitibus,
528 1593 625 1646 consul
630 1607 709 1659 prae·

19 1667 95 1719 lluio
106 1668 219 1735 agmini,
229 1668 284 1721 iarn
296 1669 365 1720 lineo
375 1665 554 1735 ingredienti,
565 1664 652 1732 legati
665 1677 707 1715 oo·

17 1743 58 1800 nt,
69 1739 239 1800 nuntiantes,
253 1744 380 1809 paratum
393 1752 455 1790 ease
464 1741 615 1803 tyrannum
624 1733 711 1801 impe

16 1822 76 1860 ere.
115 1807 253 1871 Orabant,
274 1813 306 1861 ut
316 1812 433 1874 pacatus
442 1807 511 1857 line
522 1804 615 1867 iniret,
633 1802 710 1856 colri-

16 1892 36 1929 ,ο
56 1893 74 1929 a
93 1877 279 1944 populatione
301 1880 360 1946 agri
381 1875 512 1929 militem:
533 1880 562 1927 et
576 1887 711 1926 eoronam

29 1946 184 2013 quindecim
195 1948 333 2001 talentum
344 1945 507 2001 afferebant.
532 1943 661 2006 Helvius,
671 1942 711 1993 in·

16 2030 25 2066 i
37 2017 221 2084 populatione
232 2031 316 2083 agros
326 2019 498 2069 servaturum
509 2013 711 2081 pollicitue,ire

16 2086 92 2139 ulern
108 2087 219 2177 legator
231 2086 321 2138 iussit.
358 2084 464 2148 Quibus
481 2083 577 2137 eadem
588 2083 711 2136 referen-

19 2157 109 2219 onaul‚
120 2157 212 2225 llepue
222 2155 350 2217 Romani,
360 2154 458 2222 inquit,
469 2153 553 2208 donae
563 2151 712 2205 voluntatis

16 2226 186 2297 ignrtrrr,erga
197 2243 244 2280 noa
255 2225 366 2295 tyranni
377 2225 519 2278 habemur:
534 2232 560 2276 et
572 2222 658 2289 lpum
669 2227 711 2300 tq·

16 2295 103 2349 tinter
113 2312 203 2351 omnes
214 2304 335 2358 constat,
355 2304 388 2348 ut
397 2296 429 2349 de
445 2309 535 2363 poena
545 2293 602 2345 eius
613 2302 713 2369 magro,

16 2364 176 2430 ramieitr'a,
194 2366 269 2421 nolio
287 2362 518 2435 rogitandumait.
553 2358 712 2412 Perturbatr

16 2452 37 2488 ro
49 2436 137 2504 legati
149 2435 219 2487 nihil
231 2435 307 2488 aliud
318 2442 423 2502 petere,
444 2446 526 2501 quarn
536 2436 567 2482 ut
578 2442 711 2481 coronam

16 2512 58 2571 et3
79 2506 262 2573 veniendique
280 2505 389 2559 adeum
401 2507 570 2572 potestatem
582 2505 712 2619 tprauno,

16 2591 56 2626 am
68 2576 201 2646 loquendi
212 2592 245 2628 ao
255 2575 396 2644 purgandi
406 2589 447 2638 ae,
457 2570 579 2624 lateret.
622 2567 725 2620 ama*

15 2660 51 2696 rr.
64 2648 134 2700 Torr.
146 2648 160 2698 l
165 2648 196 2703 V.
457 2642 518 2695 Bit
