1838 2954
10 39 131 83 um.
143 39 221 83 Ger.
234 39 325 86 1218.
342 39 642 104 [U.C.554.A.C.198.]
670 39 706 91 71

10 151 27 188 o
52 140 142 190 erant
162 137 286 187 etmulti
304 144 338 203 et¹
352 138 467 200 delecti,
489 138 609 206 gloriam
620 143 707 193 etium

10 222 30 257 u
38 207 117 268 reti,
128 205 154 256 si
166 207 251 258 ermis
261 209 357 273 potius
369 213 397 259 et
408 207 525 270 virtute,
539 224 621 277 quarn
633 225 709 263 moe·

10 277 96 329 rbem
109 284 268 340 tuerentur,
280 277 411 338 conferti,
426 277 553 344 pluribus
566 280 707 331 introrsus

10 363 38 399 rs
59 346 128 398 acie
148 347 272 411 firmata,
293 363 376 414 quum
395 349 591 400 transcendere
611 350 707 400 ruinas

10 422 43 469 ut
52 416 214 480 Romanos,
234 432 284 485 per
295 417 461 485 impeditum
471 433 504 468 ue
516 416 658 471 difficilem
670 418 708 470 ad

10 502 34 538 ur
45 486 151 538 locum
164 487 342 552 expulerunt.
377 488 409 538 ld
428 487 525 539 consul
545 502 629 554 aegre
644 502 707 555 pas-

23 571 93 606 eam
110 556 296 621 ignominiam
312 557 347 604 ud
357 557 438 606 unius
453 556 537 607 inodo
549 572 707 624 expugnau-

10 639 65 675 um
76 623 170 686 urbis,
180 623 230 675 sed
241 623 276 674 ad
282 638 417 676 summam
423 626 547 676 universi
557 626 633 688 belli,
643 641 708 691 per·

10 700 88 755 utris,
102 692 177 760 quod
187 702 222 746 ex
232 694 706 761 momentisparrammplerumque

12 763 152 826 cuderet,
172 763 391 831 purgato-loeo,
412 765 565 831 quistrage
580 764 707 816 semiruti

10 834 152 886 emulatus
174 840 247 897 erat,
268 840 373 887 turrem
393 835 515 902 ingentis
538 833 706 894 altitudinis,

10 920 22 955 ι
43 905 106 955 sim
127 909 301 957 armatorum
324 904 473 971 multiplici
493 903 623 955 tabulato
644 917 706 969 por-

10 1010 13 1031 .
37 975 199 1041 promovit:
220 980 249 1028 et
259 972 389 1028 cohortes
399 974 526 1025 invicem
544 973 594 1026 sub
609 970 707 1037 signis,

10 1058 110 1096 rueum
120 1044 318 1106 Macedonum,
340 1044 520 1113 (phalangem
531 1041 585 1104 ipsl
594 1043 707 1100 vocant)

10 1119 56 1176 ent,
66 1115 98 1166 ri
108 1118 326 1182 perrumperent,
337 1109 494 1163 emittebat.
530 1106 586 1159 Sed
603 1107 639 1158 ad
651 1106 708 1158 loci

10 1198 42 1232 as
53 1183 132 1233 haud
142 1185 201 1235 late
216 1187 330 1249 patente
348 1177 500 1232 intervallo
518 1175 605 1229 diruti
624 1176 707 1239 muri,

10 1266 149 1304 umorum
170 1266 334 1320 pugnaeque
345 1248 420 1301 hosti
442 1247 535 1313 aptius
547 1250 615 1300 erat.
652 1247 707 1298 Ubi

10 1320 128 1374 iliastas
148 1323 271 1390 ingentis
289 1318 478 1389 longitudinis
489 1331 557 1385 pree
573 1316 707 1369 seMsee-

10 1391 177 1455 ·bieoissent,
183 1394 260 1444 velut
270 1391 300 1442 in
311 1395 498 1442 constructam
507 1387 646 1439 densitate
659 1385 707 1436 eli·

9 1504 12 1510 ⁴
24 1461 198 1513 testudinem
210 1462 343 1520 Romani,
353 1459 417 1524 pilis
428 1457 614 1522 nequicquam
627 1454 708 1504 emis-

10 1545 41 1579 ,ιιι
55 1532 237 1583 strinxissent
248 1528 371 1595 gladium
394 1543 481 1591 neque
499 1523 633 1590 congredi
645 1537 707 1588 pro-

10 1614 88 1663 leque
104 1603 267 1664 praecidere
284 1596 381 1647 hastas
393 1600 542 1662 poterant:
566 1598 595 1644 et
605 1593 629 1643 si
641 1607 707 1659 quas

14 1674 79 1728 ent,
104 1672 152 1716 aut
172 1667 400 1733 praefregissent,
413 1664 527 1717 hastilia
548 1661 707 1730 fragmento

10 1745 67 1800 uto,
78 1737 152 1787 inter
163 1737 270 1802 spicula
280 1738 455 1802 integrarum
465 1734 618 1796 hastarum,
629 1733 708 1785 velut

15 1806 174 1871 explebant.
211 1806 253 1856 nd
268 1806 322 1855 hoe
337 1812 365 1855 et
376 1806 447 1856 muri
460 1819 523 1870 pars
536 1802 626 1854 adhue
636 1803 707 1854 inte-

10 1891 86 1941 'aque
107 1882 169 1925 tuta
191 1875 351 1940 praestabat
372 1876 474 1925 latera:
495 1889 546 1925 nee
566 1888 600 1924 ex
621 1872 705 1940 longo
