1844 2962
71 123 122 177 101
218 125 250 174 T.
270 120 377 174 LlVll
395 122 438 189 [U.
449 121 479 174 C.
491 123 549 178 555.
562 120 595 173 A.
607 118 637 171 C.
650 115 719 186 197.]

72 239 125 292 que
139 230 227 285 ratus,
237 237 271 272 ne
281 221 368 287 partis
384 218 547 272 indefensae
562 221 670 270 iactura
681 220 764 272 fieret

72 307 208 362 nagoram
221 292 319 341 ducem
331 289 457 342 mercede
469 291 652 340 militantium
663 304 725 340 cum
738 304 768 341 or

71 368 185 432 praeter
202 359 340 423 Thracas,
363 361 490 421 auxiliis,
512 365 539 410 et
552 358 678 426 equitatu
689 359 768 411 Mace

73 448 107 484 ac
117 431 318 483 Thessalorum
329 430 428 482 mittit.
465 430 572 480 Eorum
583 429 705 483 adventu
720 429 768 497 dep

72 503 142 568 ingo
152 499 272 551 Romani
282 514 336 552 non
348 505 414 553 ante
428 499 607 562 restiterunt,
629 514 712 567 quam
726 499 757 551 in

73 586 134 624 rem
142 569 246 623 sallem
258 576 420 636 perventum
432 574 483 622 est.
511 569 555 622 Ne
566 568 655 621 effinse
666 564 768 627 demrd

74 640 157 707 friga,
180 640 330 707 plurimum
340 641 370 691 in
381 639 487 692 Aetolis
501 638 640 705 equitibus
660 638 768 707 prsesid

74 712 102 763 ls
113 710 196 777 longe
206 715 266 760 tum
277 710 399 777 optimus
412 723 496 776 eques
506 708 538 761 iu
553 709 673 762 Graecia
688 713 766 761 erut:

75 782 148 833 inter
159 779 294 830 finitimos
305 779 497 832 vincebantur.

130 847 201 901 vill.
219 849 339 901 Laetior
359 865 420 913 ses,
439 860 523 916 quam
541 860 593 914 pro
614 860 768 912 successu]

76 917 220 980 nuntiata,
244 931 327 982 quum
339 916 389 967 alii
397 930 480 983 asper
491 913 563 966 elios
574 921 749 968 recurrentes
760 931 768 966 s

76 991 117 1043 lio
128 988 295 1049 clamarent,
315 985 414 1053 fugere
425 983 542 1052 pavidos
553 986 709 1049 Romanos,
727 986 768 1036 ins

77 1056 311 1120 cunctabundum,
324 1062 353 1109 et
366 1055 505 1110 dicentem
518 1060 623 1108 temere
634 1056 709 1119 fieri,
725 1069 768 1107 nos

76 1128 134 1183 sibi
143 1129 324 1196 placemmon
334 1132 453 1194 tempus,
465 1124 634 1192 perpulit,ut
644 1124 766 1178 educere

77 1200 173 1268 copias
183 1198 212 1251 in
223 1198 320 1251 eciem.
337 1197 414 1249 idem
425 1203 454 1249 et
463 1197 617 1259 Romanus,
635 1195 727 1262 magis
737 1211 768 1248 ne

76 1276 117 1334 te,
128 1283 212 1335 quam
222 1266 370 1320 occasione
380 1281 491 1335 pugnae
500 1265 640 1329 inductus,
650 1264 730 1318 iecit.
747 1264 768 1317 l]

77 1353 177 1399 cornu,
199 1334 355 1402 elephantis
367 1342 432 1388 ante
442 1334 687 1405 signainstructis,
706 1336 768 1388 ins

76 1405 209 1472 reliquit:
228 1405 309 1456 laevo
327 1420 389 1457 oum
405 1407 481 1458 omni
496 1405 712 1458 levi'srmatura
730 1406 760 1456 in

77 1475 172 1539 radit,
189 1472 275 1526 simul
285 1470 446 1537 admonens,
455 1490 515 1527 cum
526 1474 622 1528 iisdem
633 1474 768 1529 Macedon

75 1554 222 1617 gnatones,
234 1558 300 1612 quos
309 1543 439 1611 adlEpirs'
448 1545 560 1615 fauces,
571 1545 705 1599 montibus
712 1544 768 1615 flas

78 1632 129 1683 que
141 1624 263 1683 saeptos,
285 1612 361 1665 sicta
371 1613 498 1668 naturali
511 1612 678 1679 difficultate
688 1618 768 1669 locon

75 1685 222 1754 petissent,
235 1683 346 1752 acieque
356 1692 571 1753 expugnassent:
582 1700 642 1737 cum
653 1685 696 1750 iis,
708 1702 768 1754 quos

74 1754 148 1824 picii
160 1753 240 1820 prius
256 1755 341 1805 ductu
356 1754 515 1808 adsistentes
531 1753 710 1809 inEordoeoe
721 1757 768 1809 adi

77 1831 146 1876 sent.
157 1822 249 1874 Fusae
258 1823 374 1886 stetisse,
385 1841 437 1877 non
447 1824 550 1876 viribus
557 1861 565 1888 ‚
577 1822 768 1879 Macedoniae:

78 1893 152 1947 Eam
164 1906 267 1958 quoque
274 1891 384 1962 famosa
394 1895 504 1946 tandem
514 1894 661 1948 evanuisse.
697 1895 756 1947 lam

78 1969 139 2015 tum
149 1961 185 2012 ad
197 1975 263 2013 suos
274 1963 305 2012 in
313 1962 372 2014 ima
381 1963 456 2016 valle
474 1969 582 2017 stantes
600 1971 677 2029 erat,
700 1967 750 2032 qui

80 2031 223 2086 exercitus
235 2032 471 2100 imperatorisque
482 2048 603 2101 pugnam
613 2042 759 2100 renovant,

80 2100 218 2168 queiacto
240 2116 336 2155 rursm
360 2110 489 2156 avertunt
508 2103 627 2157 hostem.
663 2103 768 2174 Philipp

80 2172 214 2224 caetratis
226 2175 254 2222 et
265 2186 351 2226 cornu
370 2175 469 2227 dextro
490 2174 628 2240 peditum,
647 2174 768 2229 roborei

79 2242 137 2292 nici
148 2246 302 2306 exercitus,
323 2259 404 2312 quam
420 2244 588 2314 phalangem
598 2247 755 2310 vocabant,

80 2326 163 2365 cursu
174 2311 211 2365 ad
221 2309 331 2367 hostem
341 2316 427 2367 radit.
446 2314 598 2377 Nicanori,
611 2330 645 2368 ex
656 2330 768 2382 purpura

79 2388 112 2435 ut
124 2397 185 2435 oum
195 2380 311 2450 reliquis
322 2387 411 2453 copiis
422 2383 570 2437 confestim
589 2392 738 2452 sequatur,
758 2387 768 2436 i

79 2446 191 2516 Primo,
209 2454 280 2506 utin
291 2457 386 2527 iugum
398 2455 503 2518 erasit,
514 2461 555 2517 et,
574 2455 731 2508 iacentibus
742 2457 768 2509 ih

80 2524 166 2575 armis
178 2526 396 2595 corporibusque
407 2525 538 2589 hostium,
550 2527 687 2592 proelium
699 2541 733 2579 eo
745 2527 768 2579 lt

80 2604 121 2654 se,
132 2593 281 2661 pulsosque
292 2597 358 2651 inde
369 2599 516 2658 Romanos,
528 2602 557 2649 et
568 2597 687 2664 pugnari
697 2611 767 2663 prop

79 2655 202 2715 hostium
211 2664 292 2733 sidit,
301 2666 408 2737 ingenti
418 2664 523 2736 gaudio
534 2665 694 2721 essersene:
716 2680 768 2720 mo:
