1838 2954
277 39 345 83 eum
356 41 453 79 recens
463 39 556 82 terror
568 39 655 91 esset,
674 39 838 81 neotumam
852 44 879 79 m

277 97 879 163 moradeditionisestfactmcernentibusPi

278 183 343 223 cens
354 169 526 236 exemplum:
539 171 595 237 qui,
606 170 679 238 quod
692 171 876 237 pertinaciter

278 243 357 300 rant,
368 238 443 290 nrnlo
457 239 556 292 domiti
567 242 679 294 tandem
690 241 833 293 fecissent
871 243 879 288 t

279 304 476 375 Hippolochus
487 311 512 355 Ι
502 312 756 387 prissanorumque
777 311 879 364 deditur

280 376 365 431 dium
401 375 520 427 Dimissi
531 377 565 427 ab
575 391 642 442 rege
658 379 787 429 iniioloti
809 396 879 428 omn

280 464 338 502 rem
351 448 446 515 magni
456 449 589 499 momenti
597 447 719 509 suturam
732 463 782 499 rex
793 447 827 498 ad
841 463 879 499 cor

280 519 449 571 rimoeomm
460 520 568 569 animos
581 517 722 570 credebat.

335 588 370 639 X.
389 588 467 639 intra
484 587 621 641 decimum
638 587 726 649 diem,
747 603 829 654 quam
840 586 879 639 Ph

281 657 325 709 his
335 656 476 723 perfectis,
483 657 648 722 Cranonem,
656 656 801 725 profectus
812 673 876 710 cum

300 726 373 778 rimo
394 724 515 778 adventu
535 729 616 807 cepit.
651 727 721 780 inde
733 729 879 794 Cypaercn

281 742 346 859 sim,
368 798 419 849 et
410 795 447 847 ris
463 796 643 849 circumiecto
663 798 783 850 castella
801 812 879 865 recep

281 866 339 919 iom
350 867 474 935 regionis
485 867 558 929 eius,
570 871 683 933 praeter
691 868 822 920 Atracem
835 874 864 920 ct
875 876 879 911 ⁴

281 942 424 1005 potestate
436 942 527 989 erant.
564 937 636 987 Turn
647 937 763 1004 aggredi
774 938 879 990 Larissa

282 1013 361 1061 ratus
373 1007 418 1060 rel
426 1014 535 1061 terrore
546 1011 703 1057 ceterarum
714 1014 879 1072 expugnatio

282 1077 348 1128 ficio
359 1076 495 1143 praesidii
504 1074 674 1136 dimissi,vel
685 1076 813 1156 exemplo
824 1083 871 1128 tot

283 1145 410 1199 dentium
420 1161 492 1207 sese,
503 1160 559 1197 non
570 1143 665 1197 ultro
657 1158 686 1195 ιιι
698 1146 879 1229 pertinacior}

282 1213 399 1297 phontis
409 1215 457 1284 agi
468 1219 534 1266 ante
545 1214 627 1283 signe
638 1216 755 1267 terroris
769 1217 879 1270 causei

283 1290 314 1337 to
326 1283 436 1368 agmine
447 1284 482 1337 ad
493 1286 590 1338 urbem
601 1285 730 1337 incessit.
752 1287 813 1337 ut'
804 1303 879 1340 incer

283 1361 332 1407 tor
342 1354 429 1454 enimi
386 1370 567 1454 mpgnae
568 1355 658 1422 partis
653 1354 879 1454 Larissrpepru-rs

283 1439 366 1454 nunna
404 1430 459 1454 hm
571 1440 596 1454 m
611 1430 638 1454 nt
807 1443 849 1454 m..
870 1445 879 1454 .
