1838 2954
541 21 604 51 w
625 21 818 91 ,mmm

72 112 125 169 130
220 115 254 168 Τ.
273 111 382 167 LlVlI
404 108 730 184 [adstabant]
813 114 818 129 ¹

72 235 123 272 nas
134 219 337 282 lemniscosque
351 215 527 276 iacientium,
548 213 623 265 haud
636 212 736 281 procul
752 212 818 280 perh

73 288 168 341 fuerit.
205 285 259 338 Sed
277 291 338 337 erat
353 286 437 336 trium
454 285 543 337 ferme
558 292 587 334 et
597 282 716 349 triginta
730 298 818 337 arrnor

73 363 103 411 et
115 371 197 423 quum
208 356 293 406 robur
302 354 506 421 iuventaetum
517 352 648 422 gaudium
660 368 696 405 ex
706 359 763 404 tam
777 354 818 407 ins

72 425 179 495 gloriae
199 423 306 487 fructu,
326 425 399 477 vires
421 424 627 492 suppeditabat.
668 422 730 475 Nee
750 438 818 489 prae

73 494 197 547 omnium
211 494 295 547 modo
316 494 406 547 effusa
425 495 538 547 laetitia
557 499 613 556 est3
634 492 685 544 sed
705 507 757 559 per
775 508 818 545 na

73 564 135 617 dies
181 563 236 615 atis
248 569 276 615 et
287 564 520 630 cogitationibus,
540 567 570 614 et
579 562 755 614 sermonibus
766 560 818 615 reu

72 639 116 687 tot
135 578 204 686 gne
216 632 337 702 aliquam
346 634 377 689 ie
386 634 470 687 turis
478 639 597 703 gentem,
609 647 679 698 puae
689 648 740 685 aaa
750 632 818 703 inps

73 703 226 757 cnoladore
243 720 277 756 ac
293 702 591 772 pericsioheiiagerat
607 718 662 770 pro
672 702 818 756 libertates

72 788 149 826 ram:
169 789 218 826 nec
229 771 484 842 hocfiaitinit,ast
490 772 663 841 propinquae
671 772 818 827 vicinitati

73 842 199 905 minitas,
209 852 261 896 aat
270 843 356 897 tertis
364 842 515 898 continenti
525 842 628 895 iunctis
634 852 772 910 praestet:
792 858 818 896 n

73 910 218 976 eraitciat,
237 929 271 967 ae
281 912 420 995 predicto
432 914 494 967 orbe
506 921 642 965 tenuram
656 912 790 967 iniustam
802 912 818 967 i

73 981 147 1037 riam
157 981 203 1048 tit,
214 991 242 1036 et
251 980 350 1051 adepte
357 982 477 1057 msto,
488 986 533 1036 lta
539 982 731 1050 potentissima
742 982 808 1037 tint.

74 1068 138 1106 ooec
144 1052 291 1122 praeconia
305 1050 438 1109 Muciae
453 1068 542 1106 omnes
556 1051 690 1105 Graecia
704 1054 818 1121 cepaea

74 1122 164 1177 ardes.
198 1122 261 1177 Boc
271 1139 317 1192 spe
329 1125 482 1192 concipere,
498 1122 612 1175 caduca
623 1120 814 1205 animiscit&

75 1191 206 1263 asseclam
216 1195 358 1256 adducere,
367 1202 398 1247 et
408 1192 519 1246 virtutis
528 1192 698 1264 alfortense
707 1191 818 1265 engenii

127 1261 258 1315 XXXIV.
276 1261 434 1315 &cundum
448 1261 566 1315 isthmia
578 1260 725 1324 Quinctius
745 1268 775 1316 et
788 1260 818 1317 dt

74 1331 166 1400 legati
174 1331 333 1399 legationes
344 1344 455 1398 regum,
468 1332 606 1399 gentium,
616 1330 818 1400 civitatiumque

74 1400 181 1454 divere.
217 1400 305 1452 Primi
315 1402 440 1452 omnium
456 1402 530 1469 regis
540 1398 669 1453 Antiochi
686 1404 782 1455 vocati
794 1404 818 1455 lt

73 1476 147 1525 aunt.
184 1470 238 1523 His
249 1471 348 1524 eadem
358 1469 431 1534 fere,
452 1487 523 1538 quae
535 1472 640 1523 Romae
651 1478 780 1539 egerant,
798 1490 818 1525 u

73 1542 135 1595 sine
145 1541 201 1594 fide
212 1557 303 1594 rerum
316 1542 499 1605 iactantibus,
523 1540 593 1593 nihil
610 1543 666 1594 iam
683 1543 817 1609 perplexe

74 1617 154 1676 ante,
170 1628 253 1680 quum
267 1612 367 1665 dubiae
378 1627 424 1665 res
435 1612 569 1664 incolumi
581 1611 709 1679 Philippo
722 1617 814 1676 erant,

75 1689 173 1748 aperte
194 1683 404 1746 denuntiatum,
432 1689 464 1734 ut
483 1682 631 1735 excederet
651 1683 735 1735 Asiae
756 1682 818 1735 urhi

76 1752 555 1820 quaeautPhilippi,autPtolemaei
567 1767 666 1821 regum
677 1752 810 1805 fuissent:

74 1822 178 1872 tineret
201 1821 299 1873 liberis
320 1824 494 1885 civitatibus,
515 1838 566 1874 nee
589 1838 709 1888 unquam
730 1824 818 1876 laceat

74 1890 178 1953 armis3
200 1895 228 1942 et
240 1891 268 1940 in
281 1904 348 1956 pace
360 1893 427 1944 etin
446 1893 579 1945 libertate
595 1907 655 1944 esse
670 1892 772 1946 debere
788 1908 818 1945 oo

74 1961 178 2027 ubique
189 1959 312 2013 Graecas
324 1964 414 2013 urbes.
450 1965 520 2015 Ante
531 1963 625 2015 omnia
635 1962 818 2015 denuntiatur

73 2029 103 2081 in
115 2030 257 2096 Europam
269 2037 317 2081 aut
328 2031 388 2097 ipse
401 2033 549 2096 transiret,
559 2039 609 2084 aut
621 2034 716 2099 copias
728 2034 818 2085 traiie

74 2098 206 2150 Dimissis
218 2100 293 2166 regis
302 2100 413 2167 legatis,
421 2108 573 2154 contentus
584 2103 708 2171 gentium
716 2104 818 2166 civitat

75 2184 129 2235 que
141 2173 184 2222 est
199 2167 297 2221 haberi
313 2178 441 2237 coeptus:
463 2187 552 2239 eoque
573 2173 709 2224 maturius
731 2188 818 2243 perag

74 2243 137 2302 tur,
158 2238 231 2306 quod
242 2238 355 2292 decreto
366 2241 460 2295 decem
472 2244 629 2309 legatorum
648 2244 779 2297 ciritates
796 2261 818 2296 m

74 2309 166 2363 natim
184 2311 445 2376 pronuntiabantur.
480 2313 603 2377 Orestis,
626 2314 818 2377 (Macedonas

76 2394 144 2447 gens
156 2381 209 2444 est)
221 2380 294 2446 qued
306 2382 388 2448 primi
398 2384 433 2434 ab
446 2397 512 2450 rege
524 2382 706 2448 defecissent,
727 2384 817 2438 sueel

74 2451 212 2504 redditae.
225 2451 381 2519 Magnetes,
393 2459 421 2505 et
432 2451 591 2517 Perrhaebi,
599 2461 627 2507 et
637 2453 762 2522 Dolopes
773 2471 818 2524 qn«

75 2518 159 2574 liberi
170 2523 353 2590 pronuntiati.
390 2522 588 2574 Thessalorum
608 2525 701 2592 genti,
722 2533 818 2592 praete

72 2589 212 2645 hertatcm
226 2609 399 2655 concessam,
410 2591 514 2646 Achaei
522 2593 672 2647 Phthiotae
684 2596 758 2660 dati,
777 2596 818 2649 Th

54 2655 236 2718 Phthioticis
255 2672 286 2721 et
301 2663 443 2720 Pharsalo
460 2671 593 2733 excepta.
629 2665 745 2716 aetolos
756 2666 818 2717 del

139 2790 181 2798 -μ
