1838 2954
13 99 789 173 eraxxxvllcraeoel.[o.c.5m.A.0.190.]33⁷

13 214 101 261 erutae
110 206 229 273 aliquot.
250 206 361 257 Rhodia
372 222 426 258 una
436 212 519 273 capta
529 206 705 258 memorabili
716 224 790 260 casu.

13 294 67 340 am,
79 291 164 343 quum
177 281 269 342 rostro
280 278 463 342 percussisset
474 275 616 328 Sidoniam
628 292 735 340 navem,
746 294 793 328 an·

13 362 61 409 oa,
73 346 131 396 ictu
142 347 205 411 ipso
217 360 359 396 excussae
371 360 441 396 nare
453 361 513 405 sua,
524 361 594 397 uoco
607 347 703 408 dente,
716 347 792 398 velut

13 432 71 467 anu
82 415 177 467 ferrea
186 415 303 475 iniecta,
314 415 444 480 alligavit
454 414 571 465 alterius
582 429 706 480 proram=
728 415 792 466 inde

13 484 109 537 ‚multu
119 485 237 546 iniecto,
250 497 346 550 quum,
357 483 493 537 divellere
503 498 534 534 se
546 483 580 533 ab
592 483 672 535 hoste
683 485 793 551 cupien-

14 570 41 619 ο,
50 552 213 605 inhiberent
224 551 342 614 Rhodii,
361 557 482 603 tractum
496 554 625 603 ancorale
637 562 664 605 et
675 553 793 620 implici-

13 625 155 686 mremis,
176 622 252 674 latus
269 621 387 673 alterum
408 621 539 672 detersit:
561 622 737 674 debilitatam
759 619 794 675 'ea

14 710 57 757 sa,
69 707 140 761 quae
150 692 210 744 icta
219 690 391 752 cohaeserat,
403 691 495 742 navim
507 691 588 758 cepit.
599 692 663 743 Hoc
673 693 793 744 maxime

13 762 71 815 odo
83 760 120 813 ad
130 762 316 829 Myonnesum
328 759 421 811 navali
433 761 539 826 proelio
551 768 703 829 pugnatum
717 768 769 814 est.

36 830 140 884 XXXl.
160 832 221 893 Quo
232 830 348 882 territus
358 829 520 892 Antiochus,
533 832 604 897 quia,
615 833 793 899 possessione

14 902 72 953 aris
93 900 203 966 pulsus,
222 899 376 967 longinqua
395 901 468 951 tueri
488 900 632 952 diffidebat
652 917 681 952 se
702 916 794 967 posse,

13 970 158 1023 raesidium
171 970 205 1020 ab
216 967 411 1036 Lysimachia,
432 984 467 1020 ne
484 970 688 1034 opprimeretur
704 971 743 1020 ibi
758 970 792 1021 ab

13 1039 134 1101 omanis,
157 1038 257 1090 deduci
268 1053 370 1105 pravo,
391 1043 422 1088 ut
433 1054 478 1089 res
493 1039 556 1105 ipsa
569 1044 670 1102 postea
689 1038 795 1100 docuit,

13 1109 106 1161 lucilio
118 1109 210 1159 iussit.
243 1108 305 1159 Non
316 1108 390 1160 enim
400 1107 474 1158 tueri
485 1107 574 1157 solum
585 1106 794 1174 Lysimachiam

14 1181 104 1247 primo
115 1179 221 1245 impetu
231 1178 420 1229 Romanorum
431 1174 513 1227 facile
526 1181 600 1228 erat:
612 1177 661 1228 sed
673 1175 795 1229 obsidio-

13 1264 49 1301 em
60 1248 147 1300 etiarn
159 1251 309 1314 portatam
321 1246 440 1298 hiemem
452 1246 583 1309 tolerare,
595 1253 623 1298 et
635 1247 795 1299 obsidentes

13 1316 152 1385 nequead
171 1316 295 1368 ultimam
316 1316 440 1383 inopiam
462 1316 601 1369 adducere
622 1315 795 1370 exmahendo

13 1402 113 1454 tmpus,
135 1391 164 1438 et
174 1386 286 1437 interim
299 1401 373 1452 spem
386 1388 461 1452 poeis
471 1401 521 1453 per
533 1388 695 1439 occasiones
708 1393 796 1439 tenta·

13 1472 29 1508 e.
55 1456 115 1509 Nec
126 1454 333 1524 Lysimachiam
344 1461 450 1506 tuntum
461 1456 589 1507 hostibus
601 1457 716 1506 tradidit
732 1460 797 1522 post

13 1526 137 1579 dversam
158 1525 285 1577 navalem
304 1541 338 1593 pu
382 1542 439 1587 am,
461 1525 511 1577 sed
527 1527 611 1577 ctiam
624 1524 796 1590 Colophonis

13 1597 137 1648 bsidione
150 1597 294 1658 abscessit,
305 1603 334 1646 et
342 1542 444 1646 {didos
456 1595 563 1661 reecpit
574 1611 614 1644 sex
638 1602 721 1661 atque
733 1589 797 1643 inde

13 1683 20 1717 ι
32 1665 238 1732 Cappadociam
250 1665 284 1716 ad
296 1663 476 1726 Ariarathen,
498 1665 544 1730 qui
557 1664 665 1714 arixilia
675 1678 797 1714 arcesse-

13 1741 62 1798 ent,
74 1742 102 1786 ct
113 1749 276 1801 quocunque
288 1735 345 1785 alie
358 1741 471 1800 poterat
483 1735 516 1784 ad
529 1734 624 1799 copias
636 1731 797 1784 contrahen-

13 1822 49 1867 as,
60 1805 90 1855 in
102 1820 187 1854 unum
199 1805 254 1854 iam
267 1804 423 1864 consilium,
434 1809 466 1853 ut
477 1804 537 1853 acie
549 1803 798 1864 dimicaretioten·

13 1891 45 1936 rs,
57 1875 143 1924 misit.
154 1873 280 1939 Regillus
290 1873 431 1932 Aemilius,
439 1878 503 1936 post
513 1872 658 1922 uictoriam
669 1871 797 1923 navalem

13 1942 135 1994 resectus
150 1940 304 2007 Ephesum,
325 1940 437 1992 directis
457 1947 522 1992 ante
542 1947 651 2006 portum
674 1942 800 2001 naribus,

13 2029 74 2063 uum
97 2011 299 2062 confessionem
322 2011 444 2062 concessi
465 2009 551 2061 maris
573 2010 700 2062 ultimum
724 2009 798 2061 hosti

13 2082 186 2147 repressisset,
207 2079 316 2142 Chium,
337 2095 390 2146 quo
405 2085 468 2130 ante
480 2080 579 2130 navale
591 2081 727 2146 proelium
739 2095 798 2132 cur·

13 2167 54 2201 um
67 2166 83 2201 a
94 2150 177 2201 Samo
188 2149 354 2209 intenderat,
367 2149 487 2215 narigat.
499 2149 540 2199 lbi
554 2165 637 2201 nares
648 2151 676 2200 io
688 2149 796 2215 proelio

13 2227 140 2271 uassatas
163 2234 245 2285 quum
265 2218 425 2280 refecisset,
444 2218 476 2268 L.
496 2220 644 2270 Aemilium
664 2219 798 2269 Scaurum

13 2306 56 2340 um
76 2291 192 2355 triginta
211 2288 326 2339 naribus
347 2288 560 2353 Hellespontum
584 2289 619 2340 ad
645 2285 797 2337 exercitum

13 2359 188 2411 raiiciendum
200 2358 289 2408 misit:
301 2355 518 2423 Rhodias,parte
530 2359 687 2424 praedocet
700 2352 797 2419 spoliis

13 2429 138 2480 avalibus
150 2429 309 2488 decoratas,
330 2427 440 2477 domum
459 2427 551 2478 redire
573 2427 658 2477 iubet.
695 2421 799 2473 Rhodii

13 2499 111 2566 npigre
121 2502 298 2566 praevertere
303 2532 312 2560 ,
334 2497 369 2548 ad
379 2496 624 2563 traiicicndasouc
634 2492 736 2558 copias
749 2503 818 2535 cun-

13 2571 142 2618 rlisr'ere:
167 2575 266 2634 atque,
289 2584 325 2622 eo
339 2563 694 2642 quoquciunctiohic'io,
709 2565 779 2606 &aas
789 2553 842 2623 be·

13 2649 53 2682 rm
76 2636 209 2688 Rhodum
234 2639 365 2698 rediere.
409 2643 528 2699 Classis
547 2638 702 2692 Romana
721 2625 763 2675 ‘ab
783 2612 856 2662 W

13 2702 35 2750 Γ.
46 2702 114 2756 er‘.
131 2708 208 2761 Tere.
222 2710 238 2763 1
243 2712 276 2767 V.
605 2704 640 2760 Ἰ
