1838 2954
131 39 380 78 serenentur.
392 39 684 91 [numennumen]
702 39 750 78 zur

109 163 118 191 ,
129 129 155 179 si
166 128 260 191 vellet,
272 129 392 197 populus
403 131 543 182 Romanus
555 130 679 182 colonias
691 133 753 181 mit·

89 203 122 251 ct.
134 197 210 260 lude,
217 198 344 262 Romam,
354 204 386 250 ut
397 199 431 251 ad
442 198 611 266 triumphum
622 198 695 252 liaud
707 199 755 250 du·

72 266 193 331 scedens,
204 269 359 321 exercitum
371 269 487 333 dimisit,
499 277 528 322 et
540 270 636 322 adesse
648 271 754 322 Romae

54 353 67 387 n
78 338 214 406 triumphi
234 340 327 391 iussit.
362 341 438 408 lpse,
456 345 569 407 postero
592 339 650 404 die,
669 355 752 406 quom

33 414 144 467 ,senatu
154 411 182 460 in
194 409 290 463 aedem
302 411 437 464 Bellonae
448 417 562 473 vocato,
573 426 656 477 quum
669 409 702 461 de
713 424 755 460 re·

23 476 55 528 eb
73 493 104 530 se
123 479 212 547 gestis
233 481 428 544 disseruisset,
454 481 621 547 postulavit,
646 485 678 531 ut
698 478 755 529 sibi

23 545 133 614 ophanti
143 549 242 603 liceret
254 552 283 603 in
294 553 390 605 urbem
401 550 503 604 invehi.
536 550 566 602 P.
578 548 755 617 Sempronius

23 630 67 671 su
75 618 204 672 tribunus
215 622 323 689 plebis,
333 640 386 676 non
398 622 552 691 negandum
565 618 700 687 Scipioni,
709 617 757 670 secl

23 690 130 741 rendum
143 690 270 744 honorem
281 691 428 761 triumphi,
445 692 585 744 censebat.
620 688 700 742 Bella
709 686 757 740 Li·

23 774 48 811 m
72 759 188 815 Gallicis
209 778 310 829 semper
330 763 424 816 iuncta
436 760 542 834 fuisse:
568 777 613 813 eus
634 759 709 814 inter
730 774 758 809 se

23 844 43 878 es
55 838 153 883 mutua
164 848 197 884 ex
206 830 361 901 propinquo
375 833 456 904 ferre
468 829 583 883 auxilia.
613 829 644 881 Si
654 829 690 881 P.
702 826 758 879 Sci·

23 896 131 953 teneris
143 901 203 953 acie
214 900 302 966 Boiis,
324 911 374 954 cut
385 902 442 969 ipse
453 917 512 952 curn
522 898 625 952 uictore
635 896 758 951 exercitu

23 982 92 1023 trum
102 969 239 1041 Ligurum
254 972 412 1034 transisset,
432 979 482 1022 cut
500 975 609 1039 partem
619 967 759 1035 copiarum

23 1032 120 1091 linucio
130 1041 256 1105 irrisisset,
269 1044 316 1110 qui
325 1043 382 1094 ian
393 1040 507 1093 tertium
516 1037 556 1090 ibi
567 1053 669 1091 annum
680 1035 758 1088 dubio

23 1118 119 1161 eretur
141 1110 222 1175 bello,
242 1111 381 1165 debellari·
393 1126 453 1163 curu
463 1106 613 1179 Iu'gnribus
629 1103 761 1175 potesne

23 1178 90 1230 :ael
108 1178 274 1248 triumphum
297 1180 531 1255 frequentandum
553 1178 682 1231 deductos
704 1190 760 1228 esse

25 1261 65 1309 es,
88 1246 135 1313 qui
145 1251 282 1319 egregiam
294 1269 395 1306 narare
407 1267 516 1320 operam
528 1246 696 1317 reipublicae
711 1262 761 1314 po·

23 1324 85 1367 ent:
102 1320 317 1385 possessorium,
328 1322 352 1374 si
362 1333 480 1383 senatus,
491 1319 564 1383 quod
576 1315 761 1387 festinatione

23 1383 86 1453 epici
92 1385 318 1451 praetereuntium
330 1384 441 1446 esset‚id
450 1382 594 1436 restituere
609 1382 761 1451 dfferendo

23 1452 90 1521 upbo
102 1453 189 1503 vellet.
226 1451 367 1514 luberent,
388 1454 522 1505 consulem
538 1469 597 1506 euru
610 1452 762 1520 legionibus

23 1540 42 1574 ·e
54 1522 84 1576 in
90 1520 263 1589 prouinciam
270 1539 280 1580 ,·
300 1522 365 1573 dere
376 1539 500 1591 operum,
520 1533 552 1576 ut
562 1520 682 1590 Ligures
693 1522 761 1573 subi-

25 1608 69 1643 ur.
106 1589 167 1642 Nisi
177 1591 219 1641 illi
230 1600 364 1658 coguntur
373 1593 401 1645 in
413 1594 454 1644 ius
466 1592 650 1657 indiciumque
664 1591 763 1661 populi

23 1660 85 1723 cni,
96 1679 128 1714 ne
139 1659 220 1712 Boios
231 1659 337 1727 quidem
374 1662 507 1714 uicturos.-
529 1669 578 1715 cul
591 1678 702 1729 poesin,
712 1671 763 1714 cut

24 1747 52 1785 m
64 1730 206 1798 utrobique
216 1730 344 1783 babendo.
386 1732 477 1785 evictis
488 1730 651 1801 Liguribus,
659 1749 761 1803 paucos

42 1817 144 1854 menses
168 1802 355 1882 proconsulem
375 1798 410 1851 P.
434 1802 589 1857 Cornelium
615 1805 762 1855 multorum

23 1873 97 1939 splo,
128 1887 174 1939 quc
194 1870 224 1924 in
248 1869 417 1938 irrugistrutu
436 1885 491 1923 non
515 1871 762 1941 triumphaverunt,

23 1940 191 2008 npbuturum
203 1957 263 1994 esse.

23 2011 70 2063 [L.
88 2010 129 2061 Ad
142 2027 174 2063 ee
185 2010 295 2072 consul,
316 2007 407 2076 Neque
423 2023 450 2061 se
460 2007 579 2077 Ligures
595 2010 766 2078 prouinciam

23 2081 162 2144 iterasses,
185 2082 237 2143 eit,
257 2096 341 2146 neque
358 2095 416 2130 curn
427 2075 578 2146 Liguribus
596 2080 692 2135 bellurn
704 2096 765 2144 ges-

28 2187 35 2212 ,
47 2167 130 2216 neque
141 2150 305 2217 triumphum
317 2150 347 2200 de
357 2149 392 2200 iis
401 2150 549 2215 postulare·
570 2148 602 2212 Q.
615 2148 767 2202 Minucium

23 2219 91 2271 irlere
104 2219 190 2283 breui,
211 2220 328 2272 subactis
339 2218 388 2281 iisf,
408 2217 533 2271 receriturn
545 2217 711 2286 triumphum
719 2231 768 2281 po-

23 2298 128 2340 rtorum
148 2298 228 2358 atque
251 2290 459 2356 inpetraturum
482 2306 544 2341 esse.
581 2287 616 2338 Sc
634 2288 665 2337 de
679 2282 767 2336 Gallis

23 2362 36 2411 s
47 2362 187 2426 posteriore
198 2358 379 2426 triumphurn,
392 2374 456 2425 quos
467 2358 525 2410 urie
536 2355 648 2416 uicerit,
669 2352 768 2404 castris

23 2429 85 2480 crit:
106 2445 219 2496 quorum
240 2438 350 2498 gentem
367 2428 447 2480 biduo
463 2434 527 2494 post
543 2440 665 2491 pugnarn
681 2430 769 2474 totam

23 2497 98 2566 perit
109 2500 138 2551 iu
149 2499 326 2551 deditionem:
348 2515 365 2551 u
383 2496 478 2565 quibus
495 2493 596 2546 obsides
613 2491 769 2556 absterserit,

23 2585 36 2619 s
47 2568 170 2641 futurae
184 2570 297 2642 pignus.
339 2566 438 2623 Verum
453 2563 585 2620 enimuero
603 2562 674 2618 illust
685 2563 776 2616 usulis
