1844 2962
92 96 158 153 Lm.
168 96 296 151 XXXIII.
308 96 382 149 Coc.
389 96 434 151 49.
446 94 739 170 [U.C.557.A.C.195·]
774 98 825 154 145

49 203 147 269 cneius
158 204 284 257 sollenne
297 202 428 255 ludorum
444 203 481 256 ad
491 201 628 271 Daphnen
639 203 826 258 celebrantem

52 274 205 327 mannent
221 274 340 327 comiter
351 274 386 326 ab
398 287 431 326 cc
443 280 577 341 exceptus
584 311 593 338 ‚
603 274 711 327 nullam
720 289 827 327 moram

43 343 256 411 ¹loripuufifocit.
292 344 399 411 Ephesi
408 359 503 412 regem
520 350 564 398 est
579 351 760 410 consecutus,
779 344 828 396 Ilu-

43 416 161 482 Ituootem
172 414 264 467 adhuc
274 415 573 484 animo‚inccrtumque
584 415 619 469 dc
631 418 759 468 Romano
770 416 828 469 bel·

43 476 80 549 rh
92 481 136 537 Sed
145 485 218 537 haud
228 500 349 553 parvum
358 492 527 537 momentum
538 486 631 539 animo
643 487 701 539 eius
718 486 755 539 ad
769 502 826 539 mo·

56 544 289 609 hermamonem
299 556 466 607 Hannibalis
476 554 551 609 fecit.
586 557 750 610 Aetolorum
761 573 827 625 quo·

58 626 189 686 Itoeodem
204 632 334 692 tempore
355 626 472 677 alienati
491 625 526 676 ab
547 630 684 681 societate
700 630 827 681 Romana

59 689 116 747 uiui
131 702 204 747 aunt:
227 710 346 763 quorum
359 695 470 764 legatos
492 694 656 750 Pharsalum
677 704 707 751 et
721 698 827 751 Leuca·

59 754 107 827 Iar,
122 771 149 818 ct
163 766 297 835 quasdam
313 765 385 819 anas
403 765 529 818 ciuitates
546 782 582 819 cx
602 769 692 834 prImo
713 768 827 821 foedere

49 834 157 901 Mica,
166 842 281 891 senatus
291 836 328 889 ad
338 836 372 889 Τ.
383 836 543 900 QuInctium
553 838 660 892 reIecit.

61 1006 817 1041 ⁸¹·-—.——---—-——-—-·

43 979 50 1018 I

43 1047 49 1088 I

43 1121 46 1151 ι

147 1141 364 1198 ΕΡΙΤΟΜΕ
383 1142 517 1197 LIBRI
532 1140 697 1195 XXXIV.

88 1242 137 1300 Ius
146 1245 251 1317 Oppia,
274 1264 355 1317 quam
367 1246 400 1300 Ο.
413 1246 518 1317 Oppius
529 1248 654 1301 tribunus
664 1246 752 1315 piebis
764 1247 830 1301 dello

54 1304 133 1369 Pttieo
142 1318 172 1372 de
182 1318 311 1387 finiendis
321 1328 511 1371 matronarum
522 1319 639 1373 cultibus
649 1320 763 1381 tulerat,
769 1334 830 1371 cum

53 1391 128 1452 upra
140 1388 312 1443 contentione
331 1388 469 1457 abrogata
486 1397 544 1452 αις
564 1406 645 1458 paam
660 1387 700 1442 M.
710 1389 831 1442 Porcius

55 1444 330 1531 Uttooactorfuisset‚
341 1476 375 1512 ne
385 1475 418 1511 ea
430 1461 475 1513 lea
486 1460 649 1513 aboleretur.
685 1459 728 1524 Is,
739 1459 768 1514 in
779 1459 831 1511 Hi·

51 1524 148 1587 mniam
154 1530 309 1601 profectus,
321 1529 397 1593 bello,
408 1531 479 1596 quod
486 1530 626 1598 Emporiis
637 1545 715 1583 orsus
727 1537 784 1593 est,
794 1529 831 1581 ci·

51 1592 149 1650 omnen
158 1600 324 1668 Hispaniam
335 1599 455 1666 pacavit.
495 1600 527 1652 Τ.
543 1600 687 1663 Quinctius
697 1598 831 1651 Flamini·

49 1664 178 1721 moeream
194 1672 326 1724 aduersus
336 1670 564 1724 Lacedaemonios
580 1680 605 1721 et
625 1680 772 1739 tyrannum
789 1687 831 1721 eo-

48 1744 93 1787 ttn
100 1736 225 1794 Nabidem
231 1756 363 1808 prospere
370 1750 494 1809 gestum,
516 1742 582 1792 data
592 1739 626 1790 iis
633 1757 713 1807 pace,
725 1742 831 1807 qualem

47 1798 183 1872 innotuit,
195 1810 369 1878 liberatisque
378 1810 477 1881 Argis,
488 1810 536 1878 pai
546 1810 592 1863 sub
604 1810 707 1865 ditione
719 1810 832 1881 tyranni

46 1878 221 1947 tromfinirit.
243 1879 360 1933 Senatus
371 1888 436 1933 tunc
443 1882 562 1950 primum
572 1891 691 1935 secretus
703 1899 720 1935 a
729 1883 831 1951 populo

44 1941 103 1999 Iron
112 1950 260 2016 spectauit:
279 1960 311 2003 ut
320 1950 452 2020 idfieret,
464 1951 527 2004 Sea.
539 1952 632 2004 Aelius
642 1953 749 2005 Paetus
760 1964 787 2005 et
801 1947 832 2000 0.

44 2008 163 2073 venerim
176 2018 310 2091 Cethegus
321 2038 445 2075 censores
454 2021 676 2087 intervenerunt,
693 2042 752 2077 cum
763 2020 833 2074 indi·

83 2088 153 2143 tione
170 2090 268 2157 plebis.
307 2091 436 2145 Coloniae
452 2094 599 2160 pleraeque
609 2094 743 2146 deductae
759 2101 832 2144 ssent.

62 2158 195 2213 ·Porcius
210 2160 281 2215 Cato
293 2163 325 2213 de
337 2161 476 2230 Hispania
487 2162 676 2230 triumpharit.
688 2164 743 2217 Res
752 2177 833 2232 prac-

43 2232 100 2283 nrea
110 2231 142 2285 in
152 2230 307 2300 Hispania,
318 2242 345 2285 et
353 2234 480 2285 adversus
492 2231 575 2285 Boios
588 2243 615 2286 et
624 2236 753 2288 Insrrdres
769 2232 834 2284 Gal·

43 2298 67 2351 'tt
72 2300 200 2373 feliciter
207 2311 303 2367 gestae
317 2303 488 2374 referuntur.
527 2304 559 2356 Τ.
573 2303 719 2369 Quinctiae
729 2298 834 2354 Flami·

43 2368 116 2447 iaus,
137 2372 185 2441 qui
197 2371 357 2439 Philippum
368 2372 550 2427 Macedonum
561 2392 653 2443 regem
665 2384 692 2427 et
703 2369 834 2428 Nabidem

43 2442 304 2496 acedaemoniorum
324 2451 470 2512 tyrannum
491 2444 609 2505 vicerat,
635 2442 834 2504 Graeciamque

43 2528 125 2569 renem
139 2514 321 2576 liberauerat,
334 2513 364 2565 ai
375 2514 445 2568 lianc
455 2524 700 2583 rerumgestarum
711 2508 835 2562 multitu·

43 2582 112 2639 iuno
123 2584 220 2638 triduo
235 2582 425 2651 triumphauit.
442 2584 547 2654 Legati
559 2578 836 2648 Carthaginiensium

43 2656 233 2715 reticuerunt,
243 2652 440 2775 Hradmibmm'
460 2654 508 2722 pai
518 2653 555 2705 ad
569 2650 731 2777 Antiochum
742 2650 835 2723 confu-

53 2727 168 2780 'I'.Inv.
182 2726 257 2777 'I'om
297 2723 313 2774 ’.
614 2722 631 2777 ἱ
