1838 2954
271 56 363 112 pugna
373 45 503 92 conserta
513 43 582 90 erat.
617 39 659 88 Ab
670 39 806 88 Romanis
822 42 917 89 octo·

270 112 444 180 pugnabant,
460 123 495 159 ex
505 106 605 174 quibus
615 104 742 156 Rhodiae
754 105 825 157 duae
837 112 866 160 et
876 107 919 169 vic

270 181 403 233 Hostium
414 176 511 229 elassis
522 174 750 240 undenonaginta
760 174 872 225 navium

270 266 331 303 mae
342 249 449 300 formae
461 261 544 298 naves
554 252 612 297 tres
623 243 740 296 hexeres
752 241 887 307 habebat,
909 260 919 292 r

271 336 325 372 res.
335 320 445 371 Robore
456 317 564 368 narium
576 320 605 366 et
615 314 718 365 virtute
730 313 851 364 militum
862 314 905 366 Ro

271 388 365 455 regios
375 388 568 454 praestabant:
587 382 713 436 Rhodiae
724 399 808 435 naves
820 384 913 452 agilit

272 460 499 525 gubernatorum,
511 461 539 508 et
549 454 668 507 scientia
677 454 822 522 remigum.
847 454 878 505 M
884 476 891 499 .-

272 526 508 581 hostibusterrori
519 524 608 587 fuere,
620 538 691 590 quae
702 524 781 592 ignes
793 539 861 590 prae
872 541 904 577 se

273 608 314 660 et,
331 595 406 665 quod
417 611 501 648 unum
511 594 547 646 iis
560 595 595 645 ad
605 593 771 645 Panormum
783 595 917 646 circumc

273 666 378 727 fuerat,
399 665 427 717 id
437 673 496 717 tum
512 664 665 716 maximum
681 671 850 715 momentum
870 663 909 716 ad

272 735 336 787 fuit.
363 734 435 787 Nam
450 740 525 786 metu
535 734 607 802 ignis
618 732 729 785 adversi
739 734 833 802 regiae
843 749 909 786 nav·

273 809 476 866 concurrerent,
489 818 572 871 quum
583 803 783 867 declinassent,
803 819 893 871 neque
904 803 914 856 i

272 878 365 925 rostro
375 872 484 925 hostem
496 878 633 941 poterant,
646 879 674 926 et
685 873 814 942 obliquas
825 875 919 941 seips

272 944 454 1006 praebebant:
478 951 514 1007 et,
525 943 615 1010 siqua
626 949 814 1006 concurrerat,
826 945 914 997 obrue

272 1029 304 1065 so
313 1013 386 1081 igni3
407 1013 550 1082 magisque
560 1012 596 1065 ad
607 1013 777 1077 incendium,
789 1029 872 1081 quam
883 1028 919 1067 ια’

272 1083 458 1150 trepidabant.
494 1083 648 1135 Plurimum
658 1088 759 1146 tamen,
772 1099 844 1151 quae
854 1085 917 1139 sole

273 1153 360 1204 virtus
371 1152 486 1205 inbelle
502 1152 598 1205 valuit.
633 1152 757 1205 Mediam
779 1168 900 1223 namque

272 1222 358 1272 stium
367 1221 487 1274 Romani
499 1230 580 1289 quum
591 1223 742 1289 rupissent,
754 1223 892 1277 circumve
918 1239 919 1259 ³

272 1292 459 1358 pugnantibus
470 1291 603 1346 adversus
615 1291 741 1346 Rhodios
757 1294 843 1365 regiis
858 1310 898 1346 ss.-
911 1318 918 1342 1.

271 1366 467 1438 momentoque
486 1363 624 1429 temporis
642 1368 672 1415 et
691 1364 784 1418 media
803 1364 913 1418 aciesrl
