1838 2954
147 39 202 81 1³⁸
300 39 335 77 ϊ.
355 39 465 75 mvn
484 39 779 89 [ur-mmm

149 125 300 193 insignium
310 122 385 189 regis
400 121 562 172 aulicorum,
597 116 732 170 collectis
747 130 779 168 rc

149 196 243 262 fragii,
252 207 336 258 quum
346 207 392 243 rcs
402 207 458 243 non
469 194 498 243 in
508 206 542 243 eo
553 194 637 250 essct,
647 196 680 239 ut
690 190 779 255 Cypra

149 266 240 316 minus
253 262 387 327 opulento
398 262 518 327 agmine,
529 275 610 326 quam
623 258 779 325 profectur«

149 334 222 385 ciant
232 332 317 383 redit.
352 330 395 382 lbi
405 332 520 383 subduci
533 330 650 380 naribus
662 328 748 378 iussis
763 326 779 389 (i

148 400 237 454 biems
248 400 385 463 instabat)
401 401 461 467 ipre
477 401 506 451 in
519 398 636 451 hiberna
650 397 779 450 Antiochi

147 471 196 525 eit.
231 468 328 523 luboc
337 478 414 523 statu
422 486 519 539 regum
530 477 611 521 erant
621 484 675 520 res.

200 539 288 593 XLll.
300 541 407 593 Romae
417 556 451 593 eo
462 543 580 608 primum
590 554 662 590 auno
670 538 779 590 triumm'

148 610 227 673 facti,
240 611 270 661 c.
275 609 403 663 Licinius
415 610 550 663 Lucullus
559 611 686 662 tribunus
696 608 779 676 plebis

149 680 185 732 dc
195 679 323 731 creandis
333 678 377 733 bis
387 681 507 743 tulerat,
523 688 552 731 et
561 679 592 731 P.
603 679 739 740 Manlius,
759 694 779 730 c·

147 748 251 802 Laeca.
287 750 515 813 llistriumviris,
524 752 591 801 item
601 755 632 800 ut
642 749 780 816 pontificii

148 825 209 873 tum
220 824 264 872 ert
272 825 358 887 togae
367 828 533 888 praetextae
543 820 685 871 habendae
695 820 748 870 ius.
760 816 779 870 S

149 896 291 943 certamen
308 906 370 941 curu
392 892 520 943 omnibus
541 888 733 941 sacerdotibus
754 904 779 939 cr

151 958 348 1027 quaestoribus
356 959 485 1023 urbanis,
506 958 540 1019 Q.
549 958 638 1009 Fabio
650 957 776 1010 Labeoni

149 1030 200 1083 lio.
217 1029 341 1083 Pacunia
351 1044 421 1097 opus
432 1035 503 1091 erat,
514 1028 587 1094 quod
599 1027 728 1078 ultimam
738 1042 779 1093 pe}

151 1101 250 1153 curdao
260 1101 290 1151 in
299 1099 405 1151 bellum
417 1099 537 1152 collatae
547 1096 669 1165 persolvi
681 1098 779 1164 placue

150 1168 323 1231 ducatores
334 1169 370 1219 ab
381 1170 535 1234 auguribus
546 1167 778 1234 pontificibusque

149 1236 282 1304 pendium
292 1250 343 1301 per
352 1235 458 1289 bellum
470 1253 526 1289 non
537 1238 734 1297 contulissent,
743 1248 779 1303 pe

149 1302 343 1356 sacerdotibus
362 1305 471 1357 tribuni
489 1307 579 1372 plebis
600 1307 779 1374 nequicquam

149 1373 328 1442 omniumque
340 1389 489 1436 annorum,
512 1390 562 1441 per
572 1391 642 1441 quos
654 1391 709 1428 non
723 1375 776 1426 ded

150 1450 225 1497 ctum
237 1452 290 1497 est.
325 1445 432 1497 Eodem
444 1460 516 1497 anno
528 1446 582 1496 duo
594 1446 697 1496 mortui
707 1452 776 1511 pont

151 1530 204 1582 que
215 1515 244 1566 in
255 1529 351 1567 eorum
363 1515 455 1567 locum
468 1515 591 1576 suffecti,
606 1515 645 1568 M.
657 1515 779 1566 Marcell

150 1585 244 1636 locum
256 1589 285 1639 C.
296 1584 454 1653 Sempronii
465 1585 613 1645 Tuditani,
635 1588 679 1650 qui
692 1590 779 1652 praetr

151 1654 199 1705 nia
211 1654 384 1708 decesserat:
407 1663 435 1707 ct
446 1655 478 1707 L.
491 1655 620 1707 Valerius
632 1655 748 1705 Flaccus
767 1657 776 1705 i

153 1722 276 1772 Cornelii
287 1723 413 1790 Cethegi.
424 1727 462 1776 Et
473 1726 505 1787 Q.
517 1725 620 1775 Fabius
632 1724 773 1775 Maximus

152 1797 218 1840 tuus
231 1797 274 1840 cst
284 1792 435 1845 admodum
446 1795 617 1856 adoloscens,
628 1795 779 1860 priusqunn

152 1860 302 1927 gistratum
316 1871 444 1929 caperet:
466 1880 518 1916 noc
529 1881 561 1916 co
574 1879 644 1916 anno
658 1879 748 1929 augur
758 1865 779 1914 ir

153 1934 197 1980 est
208 1929 352 1981 suffectus.
389 1934 510 1985 Comitia
524 1934 590 1985 indo
607 1934 766 1985 consularia

152 1997 290 2049 Marcello
302 2001 425 2054 consule.
455 2003 547 2054 creati
559 2004 686 2055 consules
697 2004 730 2056 L.
742 2006 779 2058 Va

154 2082 215 2129 cus,
224 2066 263 2116 M.
274 2066 389 2120 Porcius
400 2072 478 2122 Cato.
506 2072 655 2124 Praetores
666 2074 730 2125 iude
742 2073 779 2125 fa«

154 2138 213 2189 cius
226 2135 374 2199 Luscinus,
385 2141 414 2190 C.
425 2141 535 2192 Atinius
547 2142 656 2203 Labeo,
668 2146 716 2194 Cn.
727 2144 779 2195 Ma

154 2210 202 2276 Ap.
213 2206 347 2259 Claudius
358 2207 444 2271 Nero,
454 2210 485 2262 P.
496 2212 630 2274 Manlius,
642 2212 672 2263 l'.
683 2213 779 2263 Porcia

154 2294 226 2331 anno
239 2276 345 2329 aediles
357 2279 481 2343 curules,
500 2283 539 2334 M.
550 2282 664 2333 Fulvius
675 2283 779 2334 Nobili«

153 2349 267 2412 minius,
278 2348 370 2399 tritici
381 2348 474 2402 decies
486 2358 593 2403 centum
606 2353 695 2404 millia
705 2353 778 2404 binis

155 2417 183 2466 lo
196 2420 415 2486 descripserunt:
429 2420 458 2471 id
466 2423 494 2472 C.
501 2421 631 2473 Flaminii
642 2422 756 2475 honoris
768 2441 779 2476 c

157 2488 317 2567 patrisque,
344 2489 515 2543 advexerant
536 2491 623 2543 Siculi
642 2494 767 2546 Romam.

146 2560 271 2619 trauan
288 2559 350 2615 eius
374 2560 635 2617 communicaverat
652 2578 718 2614 cum
737 2564 779 2614 eol
