1838 2954
10 203 32 217 -
83 138 158 193 Lra.
171 132 503 191 xxxvurcnnsoat.
515 133 811 208 [adsuetamn]
828 138 879 194 ton

10 245 29 277 ¹·
64 250 145 299 nant.
182 242 340 296 Sollicitam
350 258 411 296 eam
422 243 564 296 civitatem
576 242 688 296 exsules
698 243 820 294 maxime
831 241 880 296 hu·

10 312 28 373 ἦ*
65 314 188 369 hebeat:
207 328 322 380 quorum
333 327 435 380 magna
444 329 509 381 pars
521 315 551 365 in
561 313 711 365 maritimis
721 312 879 368 Laconicae

10 383 27 416 ⁵
67 399 141 438 crae
153 383 288 447 castellis,
300 398 370 452 quae
382 385 471 435 omnis
482 383 612 449 adempta
623 389 696 446 crat,
708 380 878 434 habitabant.

10 452 27 487 ³
65 454 102 507 ld
114 468 199 523 aegre
208 454 348 575 patientes
359 453 589 515 Lacedaemonii,
613 461 644 505 ut
654 453 749 519 aliqua
759 453 877 504 libcrum

10 544 14 555 ·
67 523 107 577 ad
120 538 198 575 ruera
228 524 342 575 aberent
351 524 473 587 aditum,
494 523 520 574 si
533 522 642 589 quando
653 523 769 575 Romam
785 523 878 573 aliare

15 590 26 623 ¹
69 608 127 663 quo
138 594 282 645 mitterent
292 592 417 661 legatos,
438 592 577 659 simulque
586 598 618 643 ut
629 594 783 659 emporium
794 598 823 644 et
836 605 879 643 re·

10 658 23 694 ¹
70 661 250 731 captaculum
261 662 416 731 peregrinis
427 663 566 716 mercibus
577 661 613 714 ad
623 662 796 715 necessarios
811 676 879 712 usus

10 728 24 767 ¹*
70 737 161 795 esset,
181 738 265 785 nocte
276 732 370 784 adorti
381 733 472 784 vicum
481 732 666 794 maritimum,
687 731 879 794 nomineLan,

10 800 22 833 ¹*-
68 801 227 867 improriso
242 816 422 867 occupavere.
457 800 572 866 Vicani,
594 802 695 871 quique
713 801 754 855 ibi
768 800 879 853 exsules

10 864 21 913 Ρ
69 868 238 935 habitabant
244 906 252 936 ,
268 872 359 936 primo
369 872 517 940 inopinata
527 887 557 924 re
568 872 662 925 territi
672 877 748 924 sunt:
771 870 880 934 deinde,

10 938 21 971 ¹
70 940 123 993 sub
136 940 228 991 lucem
240 942 475 1009 cougregati,levi
485 942 638 995 certamine
649 941 815 1008 expulerunt
825 939 879 992 La·

10 1010 17 1079 ‚²
71 1008 279 1063 cadaemonios.
325 1012 431 1063 'l'error
456 1017 550 1063 tamen
574 1024 685 1061 omnem
711 1011 879 1061 maritimam

10 1104 13 1111 ·
71 1094 153 1133 oram
163 1081 298 1147 pervasit:
321 1081 486 1148 legatosque
508 1079 702 1141 communiter,
723 1077 881 1130 etcastella

10 1149 15 1177 '·
71 1148 169 1203 omnia
179 1147 295 1216 vicique,
307 1155 336 1203 et
347 1151 467 1214 exsules,
476 1149 575 1217 quibus
585 1147 625 1200 ibi
636 1147 781 1200 domicilia
791 1154 880 1210 erant,
912 1208 916 1213 ι

10 1216 15 1281 ἲ
69 1218 110 1273 ad
121 1216 401 1272 Achaeosmiserunt.

10 1288 15 1321 ³
124 1288 229 1343 xxxi.
246 1287 448 1358 Philopoemen
460 1286 589 1356 praeter,
607 1289 664 1339 iam
674 1285 783 1340 iudeab
797 1285 880 1339 initio

10 1360 12 1369 '
70 1356 202 1413 exsulum
214 1373 315 1412 causae
327 1366 355 1412 et
366 1359 485 1421 airricus,
496 1365 525 1411 et
536 1364 634 1410 auctor
643 1373 754 1425 semper
763 1355 881 1410 Achaeis

10 1428 14 1459 ³
70 1426 218 1483 minuendi
234 1443 302 1494 opes
318 1435 346 1481 et
368 1429 568 1481 auctoritatem
584 1428 881 1489 Lacedaemoniorum,

72 1498 224 1552 concilium
237 1499 417 1565 querentibus
427 1498 518 1551 dedit:
540 1499 748 1564 decretumque,
766 1512 799 1548 eo
810 1495 882 1548 refe-

10 1572 13 1599 *
70 1574 168 1630 rente,
188 1566 364 1632 factumest,
387 1568 515 1633 Quamin
526 1568 614 1638 fldem
626 1567 796 1619 Achaeorum
813 1574 884 1617 tute·

10 1658 14 1669 ’
71 1640 181 1706 lamque
196 1636 227 1689 T.
241 1636 385 1701 Quinctius
405 1647 432 1690 et
441 1637 560 1690 Rotnani
575 1636 730 1690 Laconicae
753 1651 817 1687 orae
839 1651 883 1687 aa·

10 1730 13 1766 5
72 1709 154 1761 stella
166 1716 194 1759 et
204 1706 276 1760 aicae
287 1708 478 1769 tradidissent,
499 1716 539 1769 et,
561 1723 641 1773 quum
652 1703 786 1757 abstinere
797 1703 839 1756 leis
850 1721 884 1756 ee

10 1800 13 1807 ·
68 1778 185 1852 saedere
195 1776 405 1830 Lacedaemonii
415 1776 612 1839 dederent,Las
624 1775 699 1828 aicae
711 1782 884 1844 oppugnatus

10 1846 13 1871 ¹
74 1856 160 1910 esset,
172 1848 319 1914 caedesque
329 1847 368 1899 ihe'
379 1848 465 1919 facta
472 1863 484 1907 ,·
506 1846 554 1912 qai
563 1846 619 1897 aas
633 1845 676 1898 rei
687 1854 811 1897 auctores
822 1840 884 1909 affi-

10 1916 12 1923 '
73 1932 174 1984 necque
185 1926 281 1979 cuent,
290 1916 344 1971 nisi
354 1918 518 1969 dederentur
529 1913 788 1979 Aclraee’r,ar'olatam
797 1913 884 1966 aideri

73 1986 182 2057 foedas.
216 1986 259 2040 Ad
276 1986 466 2054 exposcendos
483 2000 531 2038 eos
547 1985 636 2051 legati
646 1984 785 2053 extemplo
798 1984 885 2035 Lace-

75 2056 240 2108 daemonem
251 2057 330 2108 missi
342 2062 415 2108 sunt.
451 2054 483 2106 ld
494 2054 639 2121 imperium
651 2055 722 2107 adeo
734 2057 886 2122 superbum

75 2132 107 2180 ct
118 2125 261 2194 indignum
272 2125 503 2178 Lacedaemoniis
516 2125 606 2177 visum
617 2131 673 2190 est,
683 2131 723 2190 ut,
734 2128 758 2177 si
770 2124 884 2189 antiqua

76 2194 203 2249 ciuitatis
219 2195 334 2248 fortuna
349 2200 436 2258 esset,
456 2193 532 2247 haud
548 2195 632 2248 dubie
649 2211 727 2248 arma
741 2190 882 2257 extemplo

77 2265 186 2332 capturi
207 2263 321 2318 luerint.
366 2263 490 2318 Maxime
510 2272 603 2318 autem
625 2263 813 2317 consternavit
834 2274 882 2311 eos

75 2341 177 2398 metus,
188 2334 212 2385 si
222 2336 310 2389 semel
320 2334 418 2402 primis
429 2335 555 2402 imperiis
567 2334 721 2388 obediendo
732 2333 826 2398 iugum
841 2343 883 2379 ac

76 2404 230 2472 cepissent,
246 2421 293 2468 ne,
313 2405 343 2456 id
355 2405 494 2473 quodiam
506 2406 555 2458 diu
566 2405 728 2464 moliretur,
738 2398 885 2464 Philopoe-

75 2488 141 2527 men
161 2473 304 2527 cxsulibus
316 2474 557 2529 Lacedaemonem
577 2472 716 2526 traderet.
748 2468 895 2518 anacam

76 2545 169 2611 igitur
175 2545 220 2595 ira
224 2580 234 2607 ,
256 2544 374 2613 triginta
384 2544 551 2601 hominibus
561 2541 763 2599 estuatione„
778 2539 902 2586 acmo&

67 2612 253 2665 consiliatum
266 2615 369 2686 aliqua
381 2619 516 2674 sociem
524 2602 767 2678 Philopoemena
779 2603 878 2667 ww
891 2598 913 2627 Ψ

56 2677 170 2733 salibus
179 2690 260 2754 erat,
272 2686 468 2763 interfectis,
478 2684 713 2751 decreuerunt,
721 2663 913 2725 remman
