1844 2962
93 321 129 374 aa
240 314 731 385 T.LIVII[U.C.552.A.C.200.]

525 393 872 413 -ι-μ-ῄ

95 429 162 479 dum
184 424 322 476 Celetrum
345 432 387 476 cst
398 437 555 490 aggressus,
577 424 607 472 in
622 422 786 488 paeninsula
806 424 872 477 sitm

94 498 187 548 Locus
198 492 308 546 moenia
318 493 417 560 cingit:
429 492 556 558 angustis
562 491 689 542 faucibus
699 507 782 543 unum
794 507 872 545 exce

95 563 198 616 tinenti
208 564 262 616 iter
272 568 323 615 est.
352 562 446 613 Primo
459 563 515 612 situ
526 561 586 628 ipso
599 562 677 624 freti,
688 561 791 612 clausis
801 566 872 629 port

97 635 245 699 imperium
256 634 390 685 abnuere:
403 630 512 693 deiride,
523 637 670 698 postquam
680 631 761 698 signa
772 631 856 694 ferri,
869 650 872 683 ε

97 702 239 755 testudine
260 701 370 753 succedi
396 700 432 752 ad
451 707 580 767 portam,
602 701 785 769 obsessasque
806 701 872 753 fauo

98 773 210 840 agmine
224 770 347 823 bostium
367 770 504 833 viderunt,
525 770 688 837 priusquam
709 771 872 836 experirent

100 848 249 905 certamen,
259 847 336 894 metu
346 841 376 892 iu
387 840 557 893 deditionem
566 845 709 892 venerant.
736 842 777 892 Ab
790 840 871 893 Celet

98 913 128 963 in
140 912 320 964 Dassaretios
332 911 480 978 processit,
502 911 653 977 urbemque
663 909 770 961 Pelium
780 911 809 962 vi
821 925 873 977 cep

100 980 224 1033 Servitia
233 981 297 1034 inde
308 997 371 1033 oum
392 986 486 1032 cetera
496 979 602 1044 praeda
617 979 750 1042 abduxit,
771 985 800 1031 et
811 980 872 1032 libe

100 1052 195 1117 capita
205 1052 265 1104 siue
275 1051 369 1119 pretio
381 1048 504 1113 dimisit3
525 1048 712 1115 oppidumque
723 1050 758 1099 iis
770 1049 872 1101 reddid

99 1121 240 1188 praesidio
263 1120 358 1173 calido
370 1120 519 1188 imposito:
541 1134 604 1168 nam
625 1123 654 1169 et
673 1120 731 1169 sita
746 1126 870 1185 opportu

101 1191 167 1241 urbs
179 1197 241 1243 erat
251 1190 287 1242 ad
296 1192 418 1256 impetus
428 1190 456 1239 in
467 1187 662 1239 Macedoniam
678 1187 833 1240 faciendos.
862 1190 872 1240 l

100 1262 257 1328 peragratis
268 1259 390 1311 hostium
403 1258 491 1324 agris,
511 1258 608 1308 consul
618 1259 647 1309 in
657 1257 722 1310 loca
732 1260 789 1309 iam
804 1273 872 1324 paea

102 1331 138 1382 ad
148 1331 343 1398 Apolloniam,
364 1328 440 1381 unde
451 1343 530 1379 orsus
541 1327 647 1379 bellum
661 1333 736 1391 erat,
758 1329 854 1394 copias
864 1343 872 1379 1

103 1400 190 1451 duxit.
227 1400 385 1464 Philippum
397 1403 557 1449 averterant
567 1397 669 1459 Aetoli,
691 1397 872 1449 etAthamam

104 1477 132 1522 ct
143 1468 275 1530 Dardani,
298 1475 326 1519 et
346 1473 391 1519 tot
400 1467 477 1518 bella
496 1473 611 1533 repente
631 1468 688 1518 alia
704 1482 739 1519 ex
759 1468 872 1519 aliislot

104 1545 212 1589 exorta.
238 1537 377 1589 Adversus
390 1537 548 1599 Dardanos,
560 1539 617 1589 iam
627 1538 791 1604 recipientes
804 1538 872 1589 exli

104 1607 222 1659 cedonia
232 1622 302 1669 seso,
324 1606 532 1673 Athenagoram
543 1622 606 1658 cum
619 1608 754 1674 expeditis
765 1608 872 1674 peditib

103 1692 137 1728 ac
148 1677 254 1729 maiore
264 1682 344 1744 parte
358 1677 500 1744 equitatus
516 1678 606 1741 misit,
628 1678 735 1728 iussum
754 1679 862 1730 instare

103 1755 184 1813 tergo
196 1748 376 1811 abeuntibus,
399 1753 435 1809 et,
456 1748 594 1812 carpendo
614 1754 786 1813 postremum
799 1763 872 1815 agmr

104 1817 247 1882 segniores
268 1831 317 1868 eos
329 1815 528 1867 admovendos
540 1817 622 1867 dome
634 1817 772 1868 exercitus
788 1818 872 1869 eliice:

104 1885 405 1936 AetolosDamoeritus
416 1891 538 1951 praetor,
549 1887 598 1951 qui
609 1901 705 1938 morae
716 1886 750 1938 ad
761 1886 872 1938 decerne

105 1955 172 2005 dum
182 1955 286 2006 bellum
299 1955 333 2004 ad
346 1954 520 2022 Naupactum
532 1961 630 2007 auctor
641 1955 748 2019 suerat,
764 1956 839 2008 idem
849 1970 872 2023 p]

104 2025 181 2075 ximo
195 2024 313 2074 concilio
326 2023 361 2074 ad
368 2040 446 2077 arma
457 2026 627 2078 conciverat:
639 2033 703 2092 post
713 2025 818 2077 famam
830 2040 872 2092 eqt

105 2095 171 2145 stris
191 2093 226 2145 ad
247 2092 451 2161 Ortholophum
473 2110 591 2163 pugnae,
612 2096 863 2161 Dardanorumque

105 2165 231 2215 Pleurati
243 2179 303 2215 eum
324 2165 430 2233 illyriis
441 2166 590 2216 transitum
606 2166 636 2216 in
646 2165 852 2228 Macedoniam,

105 2234 174 2286 haee
186 2234 283 2284 classis
293 2235 434 2286 Romanae
452 2234 600 2286 adrentum
612 2236 642 2286 in
653 2239 764 2299 Oreum,
777 2240 815 2298 ct,
826 2248 872 2303 sup

107 2302 289 2355 circumfusas
300 2309 344 2356 tot
350 2303 534 2356 Macedoniae
545 2311 651 2372 gentes,
661 2307 834 2359 maritimam
843 2320 872 2373 qt

107 2389 158 2439 que
169 2374 322 2426 instantem
340 2373 524 2425 obsidionem.
763 2386 767 2393 ·

157 2443 229 2496 XLl.
243 2446 305 2496 liae
318 2459 416 2496 causae
427 2444 622 2495 Damocritum
639 2445 810 2513 Aetolosque
828 2458 872 2497 res

105 2520 216 2564 tuerant
227 2515 371 2565 Romanis:
393 2521 429 2574 ct,
452 2515 630 2580 Amynandro
647 2531 713 2583 rege
725 2517 873 2567 Athamam

106 2585 246 2645 adiuncto,
262 2583 381 2650 profecti
395 2585 551 2633 Cercinium
564 2585 706 2637 obsedere.
746 2586 872 2638 Clauserr

106 2663 209 2718 portae,
222 2656 357 2705 incertum
371 2654 407 2714 ri,
429 2671 463 2703 an
476 2655 634 2706 voluntate:
657 2657 721 2722 quia
742 2657 851 2722 regium
867 2653 872 2704 l

98 2723 395 2788 habantpraesidium.
434 2726 561 2775 Ceterum
574 2727 648 2776 iutro
670 2741 774 2790 paucos
788 2726 848 2775 dics
870 2750 872 2767 ι

75 2798 166 2844 ptum
186 2799 231 2841 cst
246 2795 420 2859 (lcr'clrriurrr,
445 2796 702 2863 atquciuccxmum·¹
721 2796 771 2858 spii
779 2794 872 2856 superi

64 2861 136 2901 rant
148 2873 166 2906 c
177 2875 290 2929 magno
305 2868 414 2936 clade,
441 2866 698 2933 libertateque,
716 2863 795 2911 'tuter
811 2868 872 2909 tata
