1838 2954
9 39 160 63 ΜΑῙΙΙΙ.
172 39 247 63 vno
257 39 299 61 u·
307 39 348 62 {fle
359 39 572 78 [vsu-studemu-
582 39 650 79 Ηύι]
661 39 714 67 0011
741 39 748 47 “

9 116 63 168 osi
79 128 177 168 aurum
193 112 261 165 dare
277 111 411 176 mallent,
433 110 547 175 darent,
569 115 713 180 convenit3

9 200 33 237 ·o
45 184 187 252 argenteis
199 182 295 236 decem
307 197 409 234 aureus
421 197 494 234 unus
507 181 624 235 valeret.
636 181 713 246 Quae

9 253 52 322 pui
63 253 141 324 agri,
153 252 200 321 qui
212 251 329 306 homines
340 253 497 305 Aetolorum
506 251 577 304 ioris
586 252 713 321 aliquem

9 333 80 388 rant,
91 322 137 389 qai
148 339 240 375 eorum
254 321 286 374 Τ.
300 320 439 386 Quinctio,
454 320 503 376 cn.
514 320 639 375 Domitio
649 339 710 376 con·

9 403 116 463 ,portae
127 410 170 445 eos
181 395 310 455 consoles,
322 400 374 443 out
382 392 466 443 erneis
477 391 598 457 subacti,
607 401 658 445 aot
668 408 710 443 oo·

9 485 20 527 v,
29 464 59 516 in
71 462 198 515 ditionem
205 463 304 531 populi
313 461 431 516 Romani
441 470 580 527 venerant,
591 478 624 515 me
636 477 713 530 qoem

18 533 106 586 Aetoli
125 534 256 604 recepisse
276 532 369 584 uelint.
407 528 547 585 Oeniadae
567 548 628 586 com
647 532 713 586 urhe

9 618 35 656 ae
46 606 217 723 qtcornanum
228 611 317 656 sunto.
331 602 385 656 His
395 602 505 671 legibus
515 600 616 656 foedus
627 603 714 657 ictam

9 678 50 726 eto
66 675 88 723 is
100 678 152 725 cst.
428 674 431 679 ’

12 780 19 795 .
38 741 145 795 Eadem
158 757 213 794 non
224 746 332 796 aestate
343 740 506 806 sclum,'sed
518 743 604 796 etiam
614 742 717 796 iisdem

9 812 124 878 diebus,
146 814 245 880 quibus
263 812 332 865 haec
347 827 365 864 a
380 811 528 864 MAE‘ulvio
550 813 665 865 consulo
685 812 717 865 in

9 889 109 949 egesta
119 889 196 946 sunt,
216 882 312 935 consul
330 883 403 935 alter
414 882 463 933 Cn.
472 880 596 934 Manlius
610 884 639 933 in
650 882 717 934 Gal·

9 954 52 1005 oia
62 952 166 1005 bellum
177 955 279 1020 gessit,
301 952 374 1018 quod
393 966 465 1003 nunc
484 950 572 1003 ordiri
593 964 716 1022 pergam-

9 1023 89 1074 nimo
100 1021 243 1089 Ephesum
255 1021 352 1074 consul
365 1021 457 1084 venit,
478 1021 654 1088 acceptisque
674 1035 729 1089 co„

9 1090 36 1142 [2-
47 1089 190 1158 Scipione,
211 1099 240 1144 et
256 1092 382 1143 exercitu
395 1091 530 1153 lustrato,
553 1091 717 1143 concionem

9 1161 97 1213 nilites
108 1159 215 1212 habuit:
238 1175 306 1226 qua,
319 1159 482 1213 collaudata
494 1160 599 1214 virtute
611 1174 719 1225 eorum,

9 1246 56 1283 um
66 1229 203 1285 Antiocho
215 1244 271 1281 uno
282 1230 391 1296 proelio
403 1229 608 1295 debellassent,
620 1228 719 1283 adhor-

9 1315 47 1353 tos
58 1301 94 1352 ad
104 1316 204 1356 novum
217 1315 278 1350 curn
285 1298 374 1350 Gallis
385 1301 594 1365 suscipiendum
603 1301 719 1365 bellum,

10 1368 720 1432 anaxiliisAntiochumiuvissent,etadeoindomita
755 1429 764 1436 ,

9 1446 51 1492 ent
61 1442 189 1508 ingenia,
211 1444 243 1490 ut
253 1439 436 1507 nequicquam
447 1436 600 1489 Antiochus
611 1444 720 1491 emotus

10 1525 65 1578 aga
70 1511 159 1561 Tauri
169 1510 271 1561 montis
279 1513 368 1572 esset,
375 1507 430 1558 nisi
441 1507 641 1576 frangerentur
652 1522 719 1574 opos

9 1596 69 1642 um,
82 1580 116 1633 de
128 1594 278 1646 aequoque
290 1593 378 1645 pauca
383 1614 391 1641 ,
403 1593 455 1630 neo
464 1577 551 1641 falsa,
562 1593 614 1631 neo
624 1579 721 1629 immo·

9 1651 109 1702 scilecit.
144 1648 226 1701 Laeti
239 1649 343 1700 milites
359 1663 421 1698 curm
440 1647 583 1715 frequenti
605 1661 722 1700 assensu

9 1735 55 1772 ‚em
67 1720 245 1782 audiverunt,
261 1724 369 1786 partem
382 1718 483 1769 virium
496 1715 625 1768 Antiochi
635 1718 722 1771 fuisse

9 1790 180 1853 ¹credentem
200 1804 268 1857 rege
280 1794 422 1855 superato,
432 1787 539 1839 nullum
550 1793 723 1841 momentum

8 1875 21 1910 s
32 1875 82 1927 per
92 1875 123 1912 se
133 1859 279 1911 Gallorum
291 1859 378 1925 copiis
389 1858 461 1909 iore.
481 1857 636 1910 Eumenem
647 1856 723 1910 haud

9 1944 82 1997 pore
93 1931 192 1982 abesse
204 1929 320 1993 (Romae
331 1933 398 1980 tunc
410 1929 482 1990 erat)
493 1928 608 1980 credere
619 1928 724 1992 consul,

9 2015 33 2050 m
50 1999 174 2050 locorum
189 1998 402 2065 hominumque,
425 2004 454 2050 et
472 1999 550 2050 cuius
572 1999 724 2053 interesset

20 2068 165 2121 Gallorum
178 2078 253 2136 opes.
289 2067 414 2120 Attalum
426 2068 513 2138 igitur
528 2068 645 2121 fratrem
662 2069 723 2120 eius

12 2141 33 2190 it
55 2139 238 2208 aPergamo,
259 2136 442 2205 hortatusque
463 2138 499 2189 ad
520 2137 722 2205 capessendum

20 2209 138 2270 bellum¹
150 2209 328 2276 pollicentem
341 2223 419 2260 suam
429 2224 600 2275 suorumque
611 2219 723 2272 operam

9 2280 75 2331 mad
88 2278 305 2345 comparandum
317 2277 444 2329 dimittit.
469 2276 576 2329 Paucos
588 2279 653 2343 post
664 2272 723 2324 dics

9 2355 45 2402 :to
63 2351 98 2402 ab
109 2348 221 2415 Epheso
237 2347 344 2398 coliculi
360 2347 395 2399 ad
406 2347 580 2416 Magnesiam
601 2345 724 2394 occurrit

9 2435 27 2471 ns
49 2436 111 2472 cum
131 2419 209 2470 mille
228 2417 393 2485 peditibus,
427 2417 574 2486 equithrua
596 2409 747 2481 huccnixsq

9 2504 52 2540 nco
68 2490 158 2540 fratrc
173 2488 253 2541 iusso
272 2506 336 2544 cum
356 2490 466 2545 ceteris
491 2487 590 2554 cophe
607 2479 771 2534 aaronica&

9 2559 96 2612 noste
112 2559 150 2609 iis
167 2561 307 2617 custodia
325 2562 493 2636 Pergama,
518 2567 600 2628 quoa
616 2541 723 2607 irati*
740 2544 788 2582 W
