<?xml version="1.0" encoding="UTF-8"?>
<!DOCTYPE html PUBLIC "-//W3C//DTD XHTML 1.0 Transitional//EN"
    "http://www.w3.org/TR/xhtml1/DTD/xhtml1-transitional.dtd">
<html xmlns="http://www.w3.org/1999/xhtml" xml:lang="en" lang="en">
 <head>
  <title>
</title>
<meta http-equiv="Content-Type" content="text/html;charset=utf-8" />
  <meta name='ocr-system' content='tesseract 3.04.00' />
  <meta name='ocr-capabilities' content='ocr_page ocr_carea ocr_par ocr_line ocrx_word'/>
</head>
<body>
  <div class='ocr_page' id='page_1' title='image "./tliviipatavinih02livigoog_0097.png"; bbox 0 0 1844 2962; ppageno 0'>
   <div class='ocr_carea' id='block_1_1' title="bbox 3 39 872 205">
    <p class='ocr_par' dir='ltr' id='par_1_1' title="bbox 3 39 872 205">
     <span class='ocr_line' id='line_1_1' title="bbox 3 39 872 205; baseline -0.005 -40"><span class='ocrx_word' id='word_1_1' title='bbox 3 39 79 205; x_wconf 43' lang='grc' dir='ltr'>,Ἃ</span> <span class='ocrx_word' id='word_1_2' title='bbox 207 112 243 166; x_wconf 73' lang='grc'>96</span> <span class='ocrx_word' id='word_1_3' title='bbox 354 112 388 162; x_wconf 91' lang='grc' dir='ltr'>Τ.</span> <span class='ocrx_word' id='word_1_4' title='bbox 410 108 519 163; x_wconf 88' lang='lat' dir='ltr'>LlVll</span> <span class='ocrx_word' id='word_1_5' title='bbox 539 109 583 176; x_wconf 86' lang='lat' dir='ltr'>[U.</span> <span class='ocrx_word' id='word_1_6' title='bbox 594 110 625 162; x_wconf 88' lang='lat' dir='ltr'>C.</span> <span class='ocrx_word' id='word_1_7' title='bbox 637 111 696 165; x_wconf 80' lang='lat'><strong>555.</strong></span> <span class='ocrx_word' id='word_1_8' title='bbox 715 107 872 179; x_wconf 76' lang='lat' dir='ltr'>A.c.197.]</span> 
     </span>
    </p>
   </div>
   <div class='ocr_carea' id='block_1_2' title="bbox 2 216 922 2654">
    <p class='ocr_par' dir='ltr' id='par_1_2' title="bbox 207 216 922 982">
     <span class='ocr_line' id='line_1_2' title="bbox 207 216 913 286; baseline -0.003 -16"><span class='ocrx_word' id='word_1_9' title='bbox 207 218 369 286; x_wconf 86' lang='lat' dir='ltr'>purpuratis</span> <span class='ocrx_word' id='word_1_10' title='bbox 391 219 465 268; x_wconf 90' lang='lat' dir='ltr'>latus</span> <span class='ocrx_word' id='word_1_11' title='bbox 489 218 646 282; x_wconf 76' lang='lat' dir='ltr'>cingebant.</span> <span class='ocrx_word' id='word_1_12' title='bbox 681 216 795 267; x_wconf 86' lang='lat' dir='ltr'><strong>Initium</strong></span> <span class='ocrx_word' id='word_1_13' title='bbox 819 230 913 268; x_wconf 83' lang='lat' dir='ltr'>sermo</span> 
     </span>
     <span class='ocr_line' id='line_1_3' title="bbox 209 285 913 354; baseline -0.003 -13"><span class='ocrx_word' id='word_1_14' title='bbox 209 289 387 341; x_wconf 72' lang='lat' dir='ltr'>excusatione</span> <span class='ocrx_word' id='word_1_15' title='bbox 397 289 509 353; x_wconf 85' lang='lat' dir='ltr'>tyranni</span> <span class='ocrx_word' id='word_1_16' title='bbox 522 295 623 349; x_wconf 91' lang='lat' dir='ltr'>ortum,</span> <span class='ocrx_word' id='word_1_17' title='bbox 636 288 707 354; x_wconf 83' lang='lat' dir='ltr'>qood</span> <span class='ocrx_word' id='word_1_18' title='bbox 717 294 841 338; x_wconf 82' lang='lat' dir='ltr'>armatus</span> <span class='ocrx_word' id='word_1_19' title='bbox 852 285 913 354; x_wconf 77' lang='lat' dir='ltr'>ipsc</span> 
     </span>
     <span class='ocr_line' id='line_1_4' title="bbox 210 355 922 426; baseline -0.007 -14"><span class='ocrx_word' id='word_1_20' title='bbox 210 361 296 426; x_wconf 80' lang='lat' dir='ltr'>lisque</span> <span class='ocrx_word' id='word_1_21' title='bbox 309 366 427 422; x_wconf 80' lang='lat' dir='ltr'>saeptus,</span> <span class='ocrx_word' id='word_1_22' title='bbox 440 375 519 423; x_wconf 83' lang='lat' dir='ltr'>quum</span> <span class='ocrx_word' id='word_1_23' title='bbox 532 357 647 409; x_wconf 80' lang='lat' dir='ltr'>inermes</span> <span class='ocrx_word' id='word_1_24' title='bbox 658 356 812 408; x_wconf 83' lang='lat' dir='ltr'>Rornonmn</span> <span class='ocrx_word' id='word_1_25' title='bbox 823 355 922 423; x_wconf 79' lang='lat' dir='ltr'>imper</span> 
     </span>
     <span class='ocr_line' id='line_1_5' title="bbox 209 426 909 498; baseline -0.006 -16"><span class='ocrx_word' id='word_1_26' title='bbox 209 443 351 498; x_wconf 77' lang='lat' dir='ltr'><strong><em>regemque</em></strong></span> <span class='ocrx_word' id='word_1_27' title='bbox 364 437 494 489; x_wconf 88' lang='lat' dir='ltr'>cerneret,</span> <span class='ocrx_word' id='word_1_28' title='bbox 500 428 530 478; x_wconf 83' lang='lat' dir='ltr'>in</span> <span class='ocrx_word' id='word_1_29' title='bbox 542 427 701 494; x_wconf 79' lang='lat' dir='ltr'><em>colloquium</em></span> <span class='ocrx_word' id='word_1_30' title='bbox 712 427 835 479; x_wconf 81' lang='lat' dir='ltr'>venisset.</span> <span class='ocrx_word' id='word_1_31' title='bbox 848 426 909 492; x_wconf 79' lang='lat' dir='ltr'>Neq</span> 
     </span>
     <span class='ocr_line' id='line_1_6' title="bbox 209 496 917 566; baseline -0.007 -15"><span class='ocrx_word' id='word_1_32' title='bbox 209 516 237 551; x_wconf 83' lang='lat' dir='ltr'>se</span> <span class='ocrx_word' id='word_1_33' title='bbox 247 498 308 550; x_wconf 79' lang='lat' dir='ltr'>illos</span> <span class='ocrx_word' id='word_1_34' title='bbox 318 497 422 559; x_wconf 85' lang='lat' dir='ltr'>timere,</span> <span class='ocrx_word' id='word_1_35' title='bbox 434 497 513 559; x_wconf 81' lang='lat' dir='ltr'><strong>(lixit,</strong></span> <span class='ocrx_word' id='word_1_36' title='bbox 524 499 571 549; x_wconf 83' lang='lat' dir='ltr'>scd</span> <span class='ocrx_word' id='word_1_37' title='bbox 580 498 684 548; x_wconf 81' lang='lat' dir='ltr'>exsulet</span> <span class='ocrx_word' id='word_1_38' title='bbox 695 496 871 566; x_wconf 80' lang='lat' dir='ltr'>Argivorum.</span> <span class='ocrx_word' id='word_1_39' title='bbox 885 496 917 546; x_wconf 88' lang='lat' dir='ltr'>ln</span> 
     </span>
     <span class='ocr_line' id='line_1_7' title="bbox 210 564 921 633; baseline -0.001 -14"><span class='ocrx_word' id='word_1_40' title='bbox 210 569 244 620; x_wconf 89' lang='lat' dir='ltr'>de</span> <span class='ocrx_word' id='word_1_41' title='bbox 257 567 462 619; x_wconf 87' lang='lat' dir='ltr'>conditionibus</span> <span class='ocrx_word' id='word_1_42' title='bbox 474 564 615 618; x_wconf 80' lang='lat' dir='ltr'>amicitiae</span> <span class='ocrx_word' id='word_1_43' title='bbox 627 572 756 632; x_wconf 90' lang='lat' dir='ltr'>coeptum</span> <span class='ocrx_word' id='word_1_44' title='bbox 765 566 812 633; x_wconf 83' lang='lat' dir='ltr'>agi</span> <span class='ocrx_word' id='word_1_45' title='bbox 818 570 870 627; x_wconf 92' lang='lat' dir='ltr'>est,</span> <span class='ocrx_word' id='word_1_46' title='bbox 876 565 921 618; x_wconf 87' lang='lat' dir='ltr'>Ro</span> 
     </span>
     <span class='ocr_line' id='line_1_8' title="bbox 209 636 886 701; baseline -0.003 -14"><span class='ocrx_word' id='word_1_47' title='bbox 209 636 279 688; x_wconf 88' lang='lat' dir='ltr'>duas</span> <span class='ocrx_word' id='word_1_48' title='bbox 294 636 438 701; x_wconf 89' lang='lat' dir='ltr'>postulare</span> <span class='ocrx_word' id='word_1_49' title='bbox 456 652 515 688; x_wconf 88' lang='lat' dir='ltr'>res:</span> <span class='ocrx_word' id='word_1_50' title='bbox 538 651 636 697; x_wconf 87' lang='lat' dir='ltr'>unam,</span> <span class='ocrx_word' id='word_1_51' title='bbox 657 640 689 685; x_wconf 93' lang='lat' dir='ltr'>ut</span> <span class='ocrx_word' id='word_1_52' title='bbox 703 636 807 686; x_wconf 88' lang='lat' dir='ltr'>bellum</span> <span class='ocrx_word' id='word_1_53' title='bbox 822 650 886 686; x_wconf 85' lang='lat' dir='ltr'>cunr</span> 
     </span>
     <span class='ocr_line' id='line_1_9' title="bbox 210 703 922 767; baseline -0.011 -10"><span class='ocrx_word' id='word_1_54' title='bbox 210 707 315 758; x_wconf 85' lang='lat' dir='ltr'>finiret:</span> <span class='ocrx_word' id='word_1_55' title='bbox 337 704 469 766; x_wconf 86' lang='lat' dir='ltr'>alteram,</span> <span class='ocrx_word' id='word_1_56' title='bbox 478 710 510 753; x_wconf 92' lang='lat' dir='ltr'>ut</span> <span class='ocrx_word' id='word_1_57' title='bbox 522 705 655 754; x_wconf 79' lang='lat' dir='ltr'>adversus</span> <span class='ocrx_word' id='word_1_58' title='bbox 666 703 826 767; x_wconf 89' lang='lat' dir='ltr'>Philippum</span> <span class='ocrx_word' id='word_1_59' title='bbox 841 704 922 753; x_wconf 85' lang='lat' dir='ltr'>mitt.</span> 
     </span>
     <span class='ocr_line' id='line_1_10' title="bbox 210 771 922 839; baseline -0.014 -11"><span class='ocrx_word' id='word_1_60' title='bbox 210 790 272 828; x_wconf 90' lang='lat' dir='ltr'>cum</span> <span class='ocrx_word' id='word_1_61' title='bbox 283 773 396 824; x_wconf 86' lang='lat' dir='ltr'>auxilia.</span> <span class='ocrx_word' id='word_1_62' title='bbox 433 776 475 825; x_wconf 85' lang='lat' dir='ltr'>Ea</span> <span class='ocrx_word' id='word_1_63' title='bbox 486 788 516 822; x_wconf 92' lang='lat' dir='ltr'>se</span> <span class='ocrx_word' id='word_1_64' title='bbox 532 773 679 827; x_wconf 89' lang='lat' dir='ltr'>missurum</span> <span class='ocrx_word' id='word_1_65' title='bbox 696 771 780 822; x_wconf 81' lang='lat' dir='ltr'>dixit:</span> <span class='ocrx_word' id='word_1_66' title='bbox 803 787 855 837; x_wconf 89' lang='lat' dir='ltr'>pro</span> <span class='ocrx_word' id='word_1_67' title='bbox 871 789 922 839; x_wconf 73' lang='lat' dir='ltr'>pn.</span> 
     </span>
     <span class='ocr_line' id='line_1_11' title="bbox 208 840 918 908; baseline -0.008 -10"><span class='ocrx_word' id='word_1_68' title='bbox 208 842 333 905; x_wconf 88' lang='lat' dir='ltr'>Achaeis,</span> <span class='ocrx_word' id='word_1_69' title='bbox 343 841 468 895; x_wconf 88' lang='lat' dir='ltr'>indutiae</span> <span class='ocrx_word' id='word_1_70' title='bbox 478 841 653 908; x_wconf 82' lang='lat' dir='ltr'>impetratae,</span> <span class='ocrx_word' id='word_1_71' title='bbox 665 840 753 892; x_wconf 88' lang='lat' dir='ltr'>donec</span> <span class='ocrx_word' id='word_1_72' title='bbox 763 842 869 894; x_wconf 87' lang='lat' dir='ltr'>bellum</span> <span class='ocrx_word' id='word_1_73' title='bbox 882 856 918 894; x_wconf 90' lang='lat' dir='ltr'>cu</span> 
     </span>
     <span class='ocr_line' id='line_1_12' title="bbox 208 912 435 982; baseline -0.031 -15"><span class='ocrx_word' id='word_1_74' title='bbox 208 915 285 982; x_wconf 88' lang='lat' dir='ltr'>lippo</span> <span class='ocrx_word' id='word_1_75' title='bbox 298 912 435 967; x_wconf 86' lang='lat' dir='ltr'>liniretur.</span> 
     </span>
    </p>

    <p class='ocr_par' dir='ltr' id='par_1_3' title="bbox 207 978 922 2444">
     <span class='ocr_line' id='line_1_13' title="bbox 261 978 920 1046; baseline -0.003 -12"><span class='ocrx_word' id='word_1_76' title='bbox 261 982 322 1034; x_wconf 85' lang='lat' dir='ltr'>XL.</span> <span class='ocrx_word' id='word_1_77' title='bbox 340 981 384 1033; x_wconf 90' lang='lat' dir='ltr'>De</span> <span class='ocrx_word' id='word_1_78' title='bbox 396 980 477 1046; x_wconf 79' lang='lat' dir='ltr'>Argis</span> <span class='ocrx_word' id='word_1_79' title='bbox 489 992 598 1046; x_wconf 88' lang='lat' dir='ltr'>quoque</span> <span class='ocrx_word' id='word_1_80' title='bbox 609 978 777 1046; x_wconf 77' lang='lat' dir='ltr'>disceptatio</span> <span class='ocrx_word' id='word_1_81' title='bbox 795 980 830 1031; x_wconf 88' lang='lat' dir='ltr'>ab</span> <span class='ocrx_word' id='word_1_82' title='bbox 841 981 920 1032; x_wconf 89' lang='lat' dir='ltr'>Attal</span> 
     </span>
     <span class='ocr_line' id='line_1_14' title="bbox 209 1046 919 1118; baseline -0.004 -13"><span class='ocrx_word' id='word_1_83' title='bbox 209 1059 254 1106; x_wconf 87' lang='lat' dir='ltr'>est</span> <span class='ocrx_word' id='word_1_84' title='bbox 264 1057 355 1104; x_wconf 90' lang='lat' dir='ltr'>mota:</span> <span class='ocrx_word' id='word_1_85' title='bbox 377 1065 461 1118; x_wconf 88' lang='lat' dir='ltr'>quum</span> <span class='ocrx_word' id='word_1_86' title='bbox 472 1048 571 1106; x_wconf 76' lang='lat' dir='ltr'>fraude</span> <span class='ocrx_word' id='word_1_87' title='bbox 582 1046 717 1100; x_wconf 81' lang='lat' dir='ltr'>Philoclis</span> <span class='ocrx_word' id='word_1_88' title='bbox 729 1049 870 1116; x_wconf 85' lang='lat' dir='ltr'>proditam</span> <span class='ocrx_word' id='word_1_89' title='bbox 882 1066 919 1102; x_wconf 94' lang='lat' dir='ltr'>ur</span> 
     </span>
     <span class='ocr_line' id='line_1_15' title="bbox 209 1118 922 1189; baseline -0.007 -13"><span class='ocrx_word' id='word_1_90' title='bbox 209 1125 245 1177; x_wconf 89' lang='lat' dir='ltr'>ah</span> <span class='ocrx_word' id='word_1_91' title='bbox 258 1137 291 1176; x_wconf 92' lang='lat' dir='ltr'>eo</span> <span class='ocrx_word' id='word_1_92' title='bbox 303 1122 394 1174; x_wconf 87' lang='lat' dir='ltr'>teneri</span> <span class='ocrx_word' id='word_1_93' title='bbox 404 1126 547 1189; x_wconf 59' lang='lat' dir='ltr'>arguerem</span> <span class='ocrx_word' id='word_1_94' title='bbox 556 1118 615 1180; x_wconf 87' lang='lat' dir='ltr'>ille,</span> <span class='ocrx_word' id='word_1_95' title='bbox 627 1120 661 1170; x_wconf 86' lang='lat' dir='ltr'>ab</span> <span class='ocrx_word' id='word_1_96' title='bbox 672 1119 742 1185; x_wconf 88' lang='lat' dir='ltr'>ipsis</span> <span class='ocrx_word' id='word_1_97' title='bbox 753 1120 876 1186; x_wconf 78' lang='lat' dir='ltr'>Argivis,</span> <span class='ocrx_word' id='word_1_98' title='bbox 889 1136 922 1171; x_wconf 68' lang='grc' dir='ltr'>ιιι</span> 
     </span>
     <span class='ocr_line' id='line_1_16' title="bbox 209 1189 917 1256; baseline -0.004 -11"><span class='ocrx_word' id='word_1_99' title='bbox 209 1193 350 1252; x_wconf 72' lang='lat' dir='ltr'>tenderet,</span> <span class='ocrx_word' id='word_1_100' title='bbox 371 1193 500 1241; x_wconf 86' lang='lat' dir='ltr'>accitum.</span> <span class='ocrx_word' id='word_1_101' title='bbox 537 1189 704 1239; x_wconf 79' lang='lat' dir='ltr'>concionem</span> <span class='ocrx_word' id='word_1_102' title='bbox 714 1190 879 1256; x_wconf 80' lang='lat' dir='ltr'>Argivorum</span> <span class='ocrx_word' id='word_1_103' title='bbox 901 1206 917 1242; x_wconf 91' lang='lat' dir='ltr'>r</span> 
     </span>
     <span class='ocr_line' id='line_1_17' title="bbox 209 1258 919 1326; baseline -0.004 -11"><span class='ocrx_word' id='word_1_104' title='bbox 209 1263 347 1321; x_wconf 71' lang='lat' dir='ltr'>multabat,</span> <span class='ocrx_word' id='word_1_105' title='bbox 360 1266 393 1309; x_wconf 89' lang='lat' dir='ltr'>ut</span> <span class='ocrx_word' id='word_1_106' title='bbox 404 1259 434 1308; x_wconf 93' lang='lat' dir='ltr'>id</span> <span class='ocrx_word' id='word_1_107' title='bbox 446 1258 514 1308; x_wconf 87' lang='lat' dir='ltr'>sciri</span> <span class='ocrx_word' id='word_1_108' title='bbox 523 1262 628 1322; x_wconf 89' lang='lat' dir='ltr'>posset.</span> <span class='ocrx_word' id='word_1_109' title='bbox 665 1258 725 1310; x_wconf 89' lang='lat' dir='ltr'>Nec</span> <span class='ocrx_word' id='word_1_110' title='bbox 734 1267 871 1326; x_wconf 64' lang='lat' dir='ltr'>mannus</span> <span class='ocrx_word' id='word_1_111' title='bbox 883 1261 919 1313; x_wconf 87' lang='lat' dir='ltr'>ab</span> 
     </span>
     <span class='ocr_line' id='line_1_18' title="bbox 209 1325 917 1393; baseline 0 -11"><span class='ocrx_word' id='word_1_112' title='bbox 209 1333 269 1393; x_wconf 88' lang='lat' dir='ltr'>sed,</span> <span class='ocrx_word' id='word_1_113' title='bbox 280 1328 408 1380; x_wconf 91' lang='lat' dir='ltr'>deductis</span> <span class='ocrx_word' id='word_1_114' title='bbox 420 1341 456 1379; x_wconf 85' lang='lat' dir='ltr'>ex</span> <span class='ocrx_word' id='word_1_115' title='bbox 466 1325 535 1376; x_wconf 87' lang='lat' dir='ltr'>urba</span> <span class='ocrx_word' id='word_1_116' title='bbox 545 1327 705 1390; x_wconf 82' lang='lat' dir='ltr'>praesidiis,</span> <span class='ocrx_word' id='word_1_117' title='bbox 715 1329 835 1379; x_wconf 85' lang='lat' dir='ltr'>liberam</span> <span class='ocrx_word' id='word_1_118' title='bbox 846 1345 917 1382; x_wconf 91' lang='lat' dir='ltr'>conc</span> 
     </span>
     <span class='ocr_line' id='line_1_19' title="bbox 208 1394 916 1460; baseline -0.003 -7"><span class='ocrx_word' id='word_1_119' title='bbox 208 1416 265 1452; x_wconf 87' lang='lat' dir='ltr'>uon</span> <span class='ocrx_word' id='word_1_120' title='bbox 285 1397 422 1448; x_wconf 83' lang='lat' dir='ltr'>immixtis</span> <span class='ocrx_word' id='word_1_121' title='bbox 438 1394 685 1460; x_wconf 83' lang='lat' dir='ltr'>Lacedaemoniis,</span> <span class='ocrx_word' id='word_1_122' title='bbox 708 1395 916 1451; x_wconf 85' lang='lat' dir='ltr'>declaraturam</span> 
     </span>
     <span class='ocr_line' id='line_1_20' title="bbox 210 1464 875 1536; baseline 0.003 -18"><span class='ocrx_word' id='word_1_123' title='bbox 210 1467 304 1536; x_wconf 78' lang='lat' dir='ltr'>Argivi</span> <span class='ocrx_word' id='word_1_124' title='bbox 312 1466 426 1528; x_wconf 83' lang='lat' dir='ltr'>vellent,</span> <span class='ocrx_word' id='word_1_125' title='bbox 438 1464 569 1531; x_wconf 86' lang='lat' dir='ltr'>praeberi</span> <span class='ocrx_word' id='word_1_126' title='bbox 580 1465 683 1518; x_wconf 89' lang='lat' dir='ltr'>debere</span> <span class='ocrx_word' id='word_1_127' title='bbox 693 1466 806 1518; x_wconf 87' lang='lat' dir='ltr'>dicebat</span> <span class='ocrx_word' id='word_1_128' title='bbox 815 1483 875 1520; x_wconf 86' lang='lat' dir='ltr'>rex.</span> 
     </span>
     <span class='ocr_line' id='line_1_21' title="bbox 209 1535 915 1605; baseline -0.003 -15"><span class='ocrx_word' id='word_1_129' title='bbox 209 1554 259 1590; x_wconf 91' lang='lat' dir='ltr'>nus</span> <span class='ocrx_word' id='word_1_130' title='bbox 272 1537 385 1605; x_wconf 82' lang='lat' dir='ltr'>negavit</span> <span class='ocrx_word' id='word_1_131' title='bbox 395 1535 587 1588; x_wconf 90' lang='lat' dir='ltr'>deducturum.</span> <span class='ocrx_word' id='word_1_132' title='bbox 604 1537 684 1588; x_wconf 87' lang='lat' dir='ltr'>Haec</span> <span class='ocrx_word' id='word_1_133' title='bbox 694 1537 861 1603; x_wconf 87' lang='lat' dir='ltr'>disceptatio</span> <span class='ocrx_word' id='word_1_134' title='bbox 873 1539 915 1590; x_wconf 91' lang='lat' dir='ltr'>sin</span> 
     </span>
     <span class='ocr_line' id='line_1_22' title="bbox 209 1605 913 1674; baseline 0 -15"><span class='ocrx_word' id='word_1_135' title='bbox 209 1609 272 1661; x_wconf 83' lang='lat' dir='ltr'>fuit.</span> <span class='ocrx_word' id='word_1_136' title='bbox 282 1609 326 1660; x_wconf 90' lang='lat' dir='ltr'>De</span> <span class='ocrx_word' id='word_1_137' title='bbox 335 1606 476 1674; x_wconf 88' lang='lat' dir='ltr'>colloquio</span> <span class='ocrx_word' id='word_1_138' title='bbox 484 1605 645 1668; x_wconf 84' lang='lat' dir='ltr'>discessum,</span> <span class='ocrx_word' id='word_1_139' title='bbox 652 1609 790 1658; x_wconf 85' lang='lat' dir='ltr'>sexcentis</span> <span class='ocrx_word' id='word_1_140' title='bbox 797 1610 913 1660; x_wconf 83' lang='lat' dir='ltr'>Cretens</span> 
     </span>
     <span class='ocr_line' id='line_1_23' title="bbox 208 1675 922 1747; baseline 0 -17"><span class='ocrx_word' id='word_1_141' title='bbox 208 1687 329 1747; x_wconf 88' lang='lat' dir='ltr'>tyranno</span> <span class='ocrx_word' id='word_1_142' title='bbox 344 1675 735 1742; x_wconf 80' lang='lat' dir='ltr'>datisltomano,indutiisquc</span> <span class='ocrx_word' id='word_1_143' title='bbox 746 1677 922 1730; x_wconf 88' lang='lat' dir='ltr'>interNicos</span> 
     </span>
     <span class='ocr_line' id='line_1_24' title="bbox 210 1746 902 1816; baseline -0.003 -16"><span class='ocrx_word' id='word_1_144' title='bbox 210 1757 366 1816; x_wconf 88' lang='lat' dir='ltr'>praetorem</span> <span class='ocrx_word' id='word_1_145' title='bbox 377 1747 549 1798; x_wconf 78' lang='lat' dir='ltr'>Achaeorum</span> <span class='ocrx_word' id='word_1_146' title='bbox 572 1752 602 1797; x_wconf 91' lang='lat' dir='ltr'>et</span> <span class='ocrx_word' id='word_1_147' title='bbox 612 1746 902 1799; x_wconf 83' lang='lat' dir='ltr'>Lacedaemoniorum</span> 
     </span>
     <span class='ocr_line' id='line_1_25' title="bbox 208 1815 920 1882; baseline 0.001 -14"><span class='ocrx_word' id='word_1_148' title='bbox 208 1833 274 1868; x_wconf 89' lang='lat' dir='ltr'>num</span> <span class='ocrx_word' id='word_1_149' title='bbox 285 1818 315 1866; x_wconf 93' lang='lat' dir='ltr'>in</span> <span class='ocrx_word' id='word_1_150' title='bbox 328 1822 460 1882; x_wconf 89' lang='lat' dir='ltr'>quattuor</span> <span class='ocrx_word' id='word_1_151' title='bbox 475 1830 583 1869; x_wconf 88' lang='lat' dir='ltr'>menses</span> <span class='ocrx_word' id='word_1_152' title='bbox 598 1815 692 1867; x_wconf 72' lang='lat' dir='ltr'>lactis,</span> <span class='ocrx_word' id='word_1_153' title='bbox 728 1817 794 1868; x_wconf 91' lang='lat' dir='ltr'>lnde</span> <span class='ocrx_word' id='word_1_154' title='bbox 806 1817 920 1878; x_wconf 78' lang='lat' dir='ltr'>Quinct‘</span> 
     </span>
     <span class='ocr_line' id='line_1_26' title="bbox 208 1883 921 1952; baseline -0.006 -15"><span class='ocrx_word' id='word_1_155' title='bbox 208 1883 330 1938; x_wconf 89' lang='lat' dir='ltr'>rinthurn</span> <span class='ocrx_word' id='word_1_156' title='bbox 342 1891 385 1935; x_wconf 90' lang='lat' dir='ltr'>est</span> <span class='ocrx_word' id='word_1_157' title='bbox 396 1883 551 1950; x_wconf 82' lang='lat' dir='ltr'>profectus:</span> <span class='ocrx_word' id='word_1_158' title='bbox 564 1886 639 1937; x_wconf 88' lang='lat' dir='ltr'>etad</span> <span class='ocrx_word' id='word_1_159' title='bbox 651 1891 761 1952; x_wconf 88' lang='lat' dir='ltr'>portam</span> <span class='ocrx_word' id='word_1_160' title='bbox 773 1902 836 1938; x_wconf 89' lang='lat' dir='ltr'>curn</span> <span class='ocrx_word' id='word_1_161' title='bbox 843 1889 921 1940; x_wconf 83' lang='lat' dir='ltr'>Cret</span> 
     </span>
     <span class='ocr_line' id='line_1_27' title="bbox 209 1952 913 2021; baseline -0.003 -13"><span class='ocrx_word' id='word_1_162' title='bbox 209 1954 324 2008; x_wconf 89' lang='lat' dir='ltr'>cohorte</span> <span class='ocrx_word' id='word_1_163' title='bbox 335 1954 467 2016; x_wconf 87' lang='lat' dir='ltr'>accessit,</span> <span class='ocrx_word' id='word_1_164' title='bbox 484 1960 516 2004; x_wconf 92' lang='lat' dir='ltr'>ut</span> <span class='ocrx_word' id='word_1_165' title='bbox 526 1952 647 2007; x_wconf 91' lang='lat' dir='ltr'>Philocli</span> <span class='ocrx_word' id='word_1_166' title='bbox 660 1955 801 2021; x_wconf 83' lang='lat' dir='ltr'>praefecto</span> <span class='ocrx_word' id='word_1_167' title='bbox 814 1958 892 2008; x_wconf 89' lang='lat' dir='ltr'>urhis</span> <span class='ocrx_word' id='word_1_168' title='bbox 910 1980 913 2001; x_wconf 72' lang='grc' dir='ltr'><strong>ι</strong></span> 
     </span>
     <span class='ocr_line' id='line_1_28' title="bbox 207 2022 907 2091; baseline 0.001 -14"><span class='ocrx_word' id='word_1_169' title='bbox 207 2032 261 2087; x_wconf 86' lang='lat' dir='ltr'>ret,</span> <span class='ocrx_word' id='word_1_170' title='bbox 270 2031 420 2091; x_wconf 90' lang='lat' dir='ltr'>tyrannum</span> <span class='ocrx_word' id='word_1_171' title='bbox 430 2039 447 2074; x_wconf 91' lang='lat' dir='ltr'>a</span> <span class='ocrx_word' id='word_1_172' title='bbox 456 2022 586 2091; x_wconf 91' lang='lat' dir='ltr'>Philippo</span> <span class='ocrx_word' id='word_1_173' title='bbox 599 2026 730 2078; x_wconf 87' lang='lat' dir='ltr'>descisse.</span> <span class='ocrx_word' id='word_1_174' title='bbox 766 2025 907 2078; x_wconf 87' lang='lat' dir='ltr'>Philocles</span> 
     </span>
     <span class='ocr_line' id='line_1_29' title="bbox 210 2093 915 2163; baseline -0.001 -15"><span class='ocrx_word' id='word_1_175' title='bbox 210 2095 246 2148; x_wconf 85' lang='lat' dir='ltr'>ad</span> <span class='ocrx_word' id='word_1_176' title='bbox 256 2094 454 2160; x_wconf 87' lang='lat' dir='ltr'>imperatorem</span> <span class='ocrx_word' id='word_1_177' title='bbox 467 2093 621 2146; x_wconf 83' lang='lat' dir='ltr'>Romanum</span> <span class='ocrx_word' id='word_1_178' title='bbox 632 2097 659 2146; x_wconf 94' lang='lat' dir='ltr'>in</span> <span class='ocrx_word' id='word_1_179' title='bbox 672 2097 840 2163; x_wconf 89' lang='lat' dir='ltr'>colloquium</span> <span class='ocrx_word' id='word_1_180' title='bbox 851 2098 915 2148; x_wconf 84' lang='lat' dir='ltr'>veni</span> 
     </span>
     <span class='ocr_line' id='line_1_30' title="bbox 208 2164 918 2233; baseline 0 -15"><span class='ocrx_word' id='word_1_181' title='bbox 208 2164 343 2232; x_wconf 89' lang='lat' dir='ltr'>tantique,</span> <span class='ocrx_word' id='word_1_182' title='bbox 356 2171 389 2214; x_wconf 94' lang='lat' dir='ltr'>ut</span> <span class='ocrx_word' id='word_1_183' title='bbox 399 2165 539 2231; x_wconf 84' lang='lat' dir='ltr'>externplo</span> <span class='ocrx_word' id='word_1_184' title='bbox 551 2167 698 2229; x_wconf 85' lang='lat' dir='ltr'>transiret,</span> <span class='ocrx_word' id='word_1_185' title='bbox 718 2167 869 2233; x_wconf 86' lang='lat' dir='ltr'>urbemque</span> <span class='ocrx_word' id='word_1_186' title='bbox 879 2172 918 2219; x_wconf 61' lang='lat' dir='ltr'>tra</span> 
     </span>
     <span class='ocr_line' id='line_1_31' title="bbox 208 2233 922 2304; baseline 0.001 -17"><span class='ocrx_word' id='word_1_187' title='bbox 208 2237 251 2287; x_wconf 92' lang='lat' dir='ltr'>ita</span> <span class='ocrx_word' id='word_1_188' title='bbox 262 2233 415 2301; x_wconf 86' lang='lat' dir='ltr'>respondit,</span> <span class='ocrx_word' id='word_1_189' title='bbox 421 2240 454 2284; x_wconf 89' lang='lat' dir='ltr'>ut</span> <span class='ocrx_word' id='word_1_190' title='bbox 465 2233 609 2288; x_wconf 88' lang='lat' dir='ltr'>distulisse</span> <span class='ocrx_word' id='word_1_191' title='bbox 621 2252 679 2287; x_wconf 89' lang='lat' dir='ltr'>rem</span> <span class='ocrx_word' id='word_1_192' title='bbox 691 2240 790 2304; x_wconf 87' lang='lat' dir='ltr'>magis,</span> <span class='ocrx_word' id='word_1_193' title='bbox 798 2253 879 2304; x_wconf 90' lang='lat' dir='ltr'>quam</span> <span class='ocrx_word' id='word_1_194' title='bbox 891 2255 922 2288; x_wconf 87' lang='lat' dir='ltr'>n.</span> 
     </span>
     <span class='ocr_line' id='line_1_32' title="bbox 208 2303 916 2375; baseline 0.004 -19"><span class='ocrx_word' id='word_1_195' title='bbox 208 2305 356 2356; x_wconf 86' lang='lat' dir='ltr'>videretur.</span> <span class='ocrx_word' id='word_1_196' title='bbox 375 2303 542 2358; x_wconf 88' lang='lat' dir='ltr'>ACorintho</span> <span class='ocrx_word' id='word_1_197' title='bbox 555 2306 701 2367; x_wconf 80' lang='lat' dir='ltr'>Quinctius</span> <span class='ocrx_word' id='word_1_198' title='bbox 712 2309 876 2375; x_wconf 81' lang='lat' dir='ltr'>Anticyram</span> <span class='ocrx_word' id='word_1_199' title='bbox 888 2315 916 2359; x_wconf 87' lang='grc' dir='ltr'>ιι·</span> 
     </span>
     <span class='ocr_line' id='line_1_33' title="bbox 208 2373 918 2444; baseline 0.006 -18"><span class='ocrx_word' id='word_1_200' title='bbox 208 2375 274 2428; x_wconf 86' lang='lat' dir='ltr'>inde</span> <span class='ocrx_word' id='word_1_201' title='bbox 284 2373 400 2426; x_wconf 79' lang='lat' dir='ltr'>fratrem</span> <span class='ocrx_word' id='word_1_202' title='bbox 413 2374 448 2426; x_wconf 89' lang='lat' dir='ltr'>ad</span> <span class='ocrx_word' id='word_1_203' title='bbox 464 2376 627 2426; x_wconf 89' lang='lat' dir='ltr'>tentandam</span> <span class='ocrx_word' id='word_1_204' title='bbox 637 2378 813 2429; x_wconf 89' lang='lat' dir='ltr'>Acarnanum</span> <span class='ocrx_word' id='word_1_205' title='bbox 834 2384 918 2444; x_wconf 82' lang='lat' dir='ltr'>gente</span> 
     </span>
    </p>

    <p class='ocr_par' dir='ltr' id='par_1_4' title="bbox 2 2444 922 2654">
     <span class='ocr_line' id='line_1_34' title="bbox 11 2444 916 2515; baseline 0.008 -21"><span class='ocrx_word' id='word_1_206' title='bbox 11 2478 30 2511; x_wconf 73' lang='lat'>¹.-</span> <span class='ocrx_word' id='word_1_207' title='bbox 60 2496 64 2509; x_wconf 44' lang='lat'><em>.</em></span> <span class='ocrx_word' id='word_1_208' title='bbox 92 2496 95 2509; x_wconf 68' lang='grc'>,</span> <span class='ocrx_word' id='word_1_209' title='bbox 207 2447 252 2497; x_wconf 86' lang='lat' dir='ltr'>sit.</span> <span class='ocrx_word' id='word_1_210' title='bbox 272 2444 382 2497; x_wconf 89' lang='lat' dir='ltr'>Attalus</span> <span class='ocrx_word' id='word_1_211' title='bbox 393 2445 428 2496; x_wconf 88' lang='lat' dir='ltr'>ab</span> <span class='ocrx_word' id='word_1_212' title='bbox 439 2446 521 2513; x_wconf 80' lang='lat' dir='ltr'>Argis</span> <span class='ocrx_word' id='word_1_213' title='bbox 533 2445 682 2514; x_wconf 84' lang='lat' dir='ltr'>Sicyonem</span> <span class='ocrx_word' id='word_1_214' title='bbox 699 2455 742 2501; x_wconf 88' lang='lat' dir='ltr'>est</span> <span class='ocrx_word' id='word_1_215' title='bbox 758 2446 916 2515; x_wconf 82' lang='lat' dir='ltr'>profectus.</span> 
     </span>
     <span class='ocr_line' id='line_1_35' title="bbox 2 2510 908 2586; baseline 0.007 -22"><span class='ocrx_word' id='word_1_216' title='bbox 2 2526 6 2543; x_wconf 56' lang='grc' dir='ltr'><strong>ι</strong></span> <span class='ocrx_word' id='word_1_217' title='bbox 32 2514 60 2585; x_wconf 59' lang='grc' dir='ltr'>,ζ</span> <span class='ocrx_word' id='word_1_218' title='bbox 92 2510 108 2557; x_wconf 79' lang='lat'><strong>&#39;&#39;’·</strong></span> <span class='ocrx_word' id='word_1_219' title='bbox 209 2514 307 2568; x_wconf 87' lang='lat' dir='ltr'>civitas</span> <span class='ocrx_word' id='word_1_220' title='bbox 318 2516 395 2566; x_wconf 83' lang='lat' dir='ltr'>novis</span> <span class='ocrx_word' id='word_1_221' title='bbox 406 2514 558 2568; x_wconf 88' lang='lat' dir='ltr'>honoribus</span> <span class='ocrx_word' id='word_1_222' title='bbox 571 2522 682 2569; x_wconf 82' lang='lat' dir='ltr'>veteres</span> <span class='ocrx_word' id='word_1_223' title='bbox 694 2520 769 2586; x_wconf 80' lang='lat' dir='ltr'>regis</span> <span class='ocrx_word' id='word_1_224' title='bbox 786 2516 908 2570; x_wconf 87' lang='lat' dir='ltr'>honores</span> 
     </span>
     <span class='ocr_line' id='line_1_36' title="bbox 18 2570 922 2654; baseline 0.008 -23"><span class='ocrx_word' id='word_1_225' title='bbox 18 2570 26 2645; x_wconf 69' lang='grc' dir='ltr'><em>Ξ</em></span> <span class='ocrx_word' id='word_1_226' title='bbox 51 2584 66 2595; x_wconf 91' lang='grc'>’“</span> <span class='ocrx_word' id='word_1_227' title='bbox 94 2574 109 2631; x_wconf 73' lang='lat'>¹?</span> <span class='ocrx_word' id='word_1_228' title='bbox 208 2590 238 2635; x_wconf 84' lang='lat' dir='ltr'>et</span> <span class='ocrx_word' id='word_1_229' title='bbox 247 2599 298 2637; x_wconf 85' lang='lat' dir='ltr'>rex</span> <span class='ocrx_word' id='word_1_230' title='bbox 313 2585 350 2638; x_wconf 95' lang='lat' dir='ltr'>ad</span> <span class='ocrx_word' id='word_1_231' title='bbox 366 2583 409 2647; x_wconf 90' lang='lat' dir='ltr'>id,</span> <span class='ocrx_word' id='word_1_232' title='bbox 431 2585 506 2653; x_wconf 87' lang='lat' dir='ltr'>quod</span> <span class='ocrx_word' id='word_1_233' title='bbox 520 2600 630 2637; x_wconf 89' lang='lat' dir='ltr'>sacrum</span> <span class='ocrx_word' id='word_1_234' title='bbox 640 2588 776 2654; x_wconf 79' lang='lat' dir='ltr'>Apollinis</span> <span class='ocrx_word' id='word_1_235' title='bbox 796 2603 893 2654; x_wconf 84' lang='lat' dir='ltr'>agrum</span> <span class='ocrx_word' id='word_1_236' title='bbox 920 2640 922 2647; x_wconf 75' lang='grc'>,</span> 
     </span>
    </p>
   </div>
   <div class='ocr_carea' id='block_1_3' title="bbox 94 2620 922 2727">
    <p class='ocr_par' dir='ltr' id='par_1_5' title="bbox 94 2620 922 2727">
     <span class='ocr_line' id='line_1_37' title="bbox 94 2620 922 2727; baseline 0.051 -32"><span class='ocrx_word' id='word_1_237' title='bbox 94 2620 109 2669; x_wconf 91' lang='lat'>·&#39;.·</span> <span class='ocrx_word' id='word_1_238' title='bbox 207 2654 346 2719; x_wconf 82' lang='lat' dir='ltr'>quondam</span> <span class='ocrx_word' id='word_1_239' title='bbox 357 2657 476 2724; x_wconf 84' lang='lat' dir='ltr'>pecunia</span> <span class='ocrx_word' id='word_1_240' title='bbox 484 2654 644 2710; x_wconf 84' lang='lat' dir='ltr'>redemerat</span> <span class='ocrx_word' id='word_1_241' title='bbox 654 2659 704 2724; x_wconf 87' lang='lat' dir='ltr'>iis;</span> <span class='ocrx_word' id='word_1_242' title='bbox 715 2664 774 2710; x_wconf 72' lang='lat' dir='ltr'>tum</span> <span class='ocrx_word' id='word_1_243' title='bbox 786 2672 906 2727; x_wconf 64' lang='lat' dir='ltr'>i¹¹⁰q¹¹⁶t</span> <span class='ocrx_word' id='word_1_244' title='bbox 921 2682 922 2702; x_wconf 66' lang='lat'>¹</span> 
     </span>
    </p>
   </div>
   <div class='ocr_carea' id='block_1_4' title="bbox 0 0 926 2962">
    <p class='ocr_par' dir='ltr' id='par_1_6' title="bbox 0 0 926 2962">
     <span class='ocr_line' id='line_1_38' title="bbox 0 0 926 2962; baseline 0 0"><span class='ocrx_word' id='word_1_245' title='bbox 0 0 926 2962; x_wconf 95' lang='lat' dir='ltr'> </span> 
     </span>
    </p>
   </div>
  </div>
 </body>
</html>
