1838 2954
12 84 123 141 mvl.
136 76 321 142 centem.
333 86 696 158 [e.0.561.A.c.101.]2so

12 206 86 261 rum
97 192 210 263 corrigi,
222 194 338 261 possint,
361 194 472 245 oblitam
483 209 520 257 se,
535 210 589 245 non
599 192 696 265 sortu-

12 262 143 316 ts'nnsllet
157 264 276 315 adversis
285 264 364 316 rebus
375 280 475 316 eorum.
513 262 623 314 Aetolos
634 277 697 330 quo·

12 348 42 385 re
51 334 163 386 tandem
175 336 305 385 adversus
314 350 341 384 ss
352 333 415 386 odia
426 333 540 394 elehem
560 340 588 384 st
598 331 699 385 Nicon·

12 401 109 455 teatino
121 404 178 454 sius
190 404 251 465 diei,
271 419 323 471 quo
334 413 459 454 servatus
470 418 486 453 a
498 418 527 452 se
534 402 624 473 forst,
645 418 697 453 nee·

34 471 170 535 ttulistis,
182 473 230 539 qui
240 474 269 523 in
279 478 369 523 tutum
381 487 443 523 eum
455 477 697 537 prosequerentur,

12 542 188 595 nsNieander
206 541 428 595 consultantibus
446 541 481 593 de
491 556 560 607 paee
572 540 698 592 Romana

12 614 59 666 nit.

12 682 32 733 i.
52 682 105 734 Μ’.
123 680 229 734 Acilius
247 680 376 744 vendita,
399 685 449 732 aut
467 694 600 732 concessa
613 679 699 731 militi

12 752 145 805 eracleam
155 751 270 819 praeda,
289 756 437 819 postquam
447 765 498 802 nec
509 750 643 817 Hypatae
653 764 700 817 pa·

13 836 29 868 e
39 821 169 877 corrsilta,
178 821 388 881 etNaupaetum
395 819 568 869 concurrisse
574 818 699 881 Aetolos,

29 890 121 938 totum
138 886 273 951 impetum
290 887 360 937 belli
375 889 560 948 sustinerent,
580 887 701 952 audirit3

14 970 46 1007 so
63 954 243 1021 Apolausto
259 970 321 1006 eum
341 962 474 1022 quattuor
488 955 613 1006 millibus
631 957 702 1008 mili·

13 1022 174 1091 oeeupanda
184 1025 260 1092 iuga,
272 1039 328 1091 qua
337 1024 467 1077 difficiles
478 1025 614 1075 transitus
624 1039 702 1076 mon·

13 1102 70 1157 snt,
90 1094 152 1161 ipse
164 1094 264 1146 Oetam
276 1094 415 1156 aseendit,
435 1093 608 1160 Herculique
618 1094 703 1145 sacri·

13 1164 151 1217 ecitineo
163 1164 240 1226 loco,
262 1178 344 1230 quem
353 1164 471 1231 Pyram,
490 1162 565 1229 quod
581 1162 703 1214 ibimor·

13 1248 66 1303 pus
76 1233 136 1284 eius
147 1232 193 1284 dei
208 1235 247 1284 sit
259 1239 424 1297 crematum,
445 1233 598 1300 appellant.
634 1230 703 1283 lnde

13 1304 99 1357 ercitu
115 1301 258 1371 profectus
272 1304 410 1375 reliquum
425 1304 482 1355 iter
492 1304 562 1356 satis
572 1301 703 1370 expedito

17 1373 94 1426 fecit.
131 1373 168 1423 Ut
180 1371 214 1423 ad
227 1373 360 1424 Coracem
372 1380 415 1427 est
425 1378 546 1437 rentum,
562 1373 650 1437 (mons
661 1376 705 1425 est

13 1461 51 1495 rus
68 1446 142 1496 inter
152 1442 303 1508 Callipolin
320 1450 349 1496 et
358 1444 550 1510 Naupactum)
566 1444 609 1494 ibi
628 1441 706 1494 etiu-

13 1515 101 1567 multa
116 1529 150 1566 ex
161 1513 271 1579 agmine
289 1514 476 1580 praecipitata
488 1530 549 1565 cum
561 1512 629 1581 ipsis
642 1526 706 1562 one-

13 1591 59 1647 mt,
78 1592 106 1636 et
117 1582 244 1635 homines
255 1584 359 1634 vexati.
395 1585 433 1634 Et
445 1582 530 1633 facile
543 1581 705 1647 apparebat,

13 1671 54 1706 um
65 1655 148 1706 inerti
159 1653 238 1707 hoste
250 1668 295 1704 res
308 1658 394 1715 esset,
417 1652 463 1719 qui
476 1659 532 1703 tam
544 1650 706 1716 impeditum

14 1724 93 1776 nullo
107 1724 262 1790 praesidio,
282 1729 314 1775 ut
330 1723 475 1775 clauderet
485 1721 648 1783 transitum,
668 1719 709 1771 in·

13 1804 29 1847 ὲ,
65 1796 137 1845 Τυῐιι
154 1809 263 1861 quoque
284 1800 386 1846 vexato
403 1792 528 1844 exercitu
544 1791 580 1844 ad
597 1790 707 1858 Naupa-

13 1864 145 1917 escendit:
168 1870 206 1927 et,
218 1878 273 1915 uno
285 1863 402 1915 castello
415 1863 546 1914 adsersus
558 1876 648 1913 arcem
659 1876 709 1928 po·

13 1940 85 1985 teras
96 1940 190 1999 partes
203 1935 288 1997 urbis,
302 1934 398 1984 divisis
410 1933 498 1998 copiis
510 1948 560 1999 pro
572 1932 628 1982 situ
634 1946 709 1982 mne·

17 2004 187 2055 ircunrsedit.
224 2004 249 2054 N
252 2020 283 2055 ee
294 2005 384 2053 minus
397 2004 492 2069 operis
504 2002 663 2069 laborisque
675 2016 708 2052 ea

18 2075 85 2136 atio,
97 2089 179 2140 quam
190 2073 354 2136 Heracleae,
365 2072 471 2123 habuit.

13 2146 58 2197 ΧΙ.
80 2143 185 2194 Eodem
202 2149 328 2206 tempore
344 2148 372 2192 et
387 2142 516 2194 Messene
531 2141 561 2192 in
575 2140 711 2206 Pelopon·

13 2232 20 2263 s
32 2212 156 2274 Achaeis,
167 2212 240 2278 quod
253 2212 367 2262 concilii
377 2226 473 2261 eorum
484 2215 626 2262 recusaret
639 2224 709 2268 esse,

13 2286 60 2334 rari
72 2289 172 2348 eoepta
183 2288 235 2333 est.
272 2282 384 2331 Etenim
396 2279 467 2332 duae
478 2281 620 2339 civitates,
639 2277 712 2327 Mes·

22 2354 99 2415 Elis,
120 2358 199 2402 extra
219 2351 366 2401 concilium
378 2347 528 2401 Achaicum
540 2351 630 2399 erant:
650 2358 711 2395 cum

33 2422 196 2475 sentiebant.
233 2420 296 2471 Elei
316 2426 423 2482 tamen,
443 2426 508 2486 post
528 2418 655 2482 fugatum
676 2426 711 2463 ex

14 2491 221 2553 tAntioelrunr,
242 2489 343 2557 legatis
364 2488 537 2542 Achaeorum
560 2482 649 2534 lenius
669 2495 712 2532 re·

14 2569 88 2614 rant:
108 2552 227 2613 Dimisso
235 2560 378 2627 praesidio
388 2559 474 2626 regio,
492 2554 663 2623 cogitaturos
674 2566 712 2614 es,

14 2634 32 2685 'ai
47 2633 209 2705 faciendum
227 2640 302 2683 esset.
339 2625 713 2749 Messeniiksineresponst)

14 2721 53 2755 rv.
67 2705 139 2754 '1¹os1.
151 2700 197 2752 lV.
479 2698 485 2714 '
