1838 2954
19 44 766 118 axxxvur.cn.aa,aa[u.c.5er.l.o.1s,.]aer

19 156 129 212 serant,
150 151 292 218 legionum
310 150 487 218 antesignani
504 149 563 216 pila
579 151 766 211 coniecerunt,

19 236 75 274 ’ero
84 234 141 271 non
153 220 381 284 vulnerabantur,
392 220 450 283 sed,
461 221 696 273 transverberatis
706 239 767 275 scu-

19 290 146 358 plerique
156 291 230 344 inter
240 306 269 342 se
282 289 579 344 consertihaerebant:
601 291 766 346 neodiutius

19 367 43 413 et
103 360 290 414 Romanorum
301 362 500 413 sustinuerunt.
655 419 659 429 Ι

19 377 110 485 iffi.
130 430 293 483 Potentibus
306 433 362 482 iam
372 431 476 498 portis,
495 430 656 501 priusquam
667 432 766 484 irrum-

19 507 54 551 :nt
72 501 209 564 victores,
231 500 299 568 fuga
319 518 334 554 e
353 500 451 552 castris
468 499 614 552 Gallorum
629 503 764 556 inomnes

19 585 50 622 es
69 568 145 622 lacta
163 577 214 624 est.
251 573 345 623 Ruunt
363 570 442 623 caeci
454 583 505 636 per
519 571 593 633 rias,
615 586 665 639 per
672 572 764 625 iuriae

19 656 34 691 a
53 640 220 707 praecipitia
238 656 321 704 saxa,
342 639 436 691 nullae
452 653 536 707 rupes
548 642 673 701 obstent:
694 642 764 694 nihil

19 708 186 763 ter-hostem
197 716 331 776 metuunt.
354 710 450 776 ltaque
461 709 586 778 plerique
597 711 764 780 praecipites

19 785 125 832 restam
137 780 313 831 altitudinem
325 779 449 846 prolapsi
461 786 511 832 aut
520 781 661 834 debilitati
673 783 765 834 exani-

19 854 77 901 tur.
114 850 233 912 Consul,
250 848 348 901 castris
361 849 459 914 captis,
479 848 639 914 direptione
649 851 766 916 praeda·

22 919 145 971 abstinet
155 918 288 971 militem:
310 917 390 985 sequi
405 931 456 984 pro
468 933 498 969 se
511 931 663 986 quemque,
685 926 714 972 et
725 921 766 971 in-

19 1004 41 1046 e,
59 994 88 1041 et
98 988 234 1055 perculsis
247 1002 379 1055 pavorem
393 985 495 1038 addere
506 980 595 1038 iubet.
632 985 766 1055 Superve-

19 1064 37 1109 tt
49 1057 169 1111 alterum
181 1074 241 1110 cum
253 1058 286 1109 L.
298 1056 405 1108 Manlio
417 1070 531 1123 agmen3
548 1071 600 1107 nec
611 1070 660 1108 eos
672 1064 766 1110 castra

19 1142 64 1179 are
75 1127 151 1180 sinit.
187 1128 318 1180 Protinus
330 1126 365 1178 ad
376 1124 582 1193 persequendos
594 1123 690 1179 hostes
701 1127 764 1179 mit-

26 1197 127 1264 etipse
137 1198 233 1265 paullo
244 1205 317 1266 post,
333 1195 439 1248 tradita
451 1195 625 1263 captivorum
636 1197 765 1250 custodia

19 1266 74 1318 mis
86 1268 221 1331 militum,
243 1268 381 1335 sequitor3
403 1265 574 1319 debellatum
586 1273 679 1331 retus,
699 1268 766 1321 siin

26 1352 132 1404 pavore
152 1353 234 1405 quam
255 1337 369 1407 plurimi
390 1337 466 1390 caesi
485 1336 593 1402 forent,
613 1345 663 1391 aut
679 1338 764 1406 capti.

19 1421 78 1458 esso
88 1408 210 1471 consule,
223 1409 251 1460 G.
262 1407 380 1460 Helvius
391 1423 453 1461 oum
463 1407 550 1460 tertio
562 1409 672 1477 agmine
684 1409 766 1461 adre-

35 1491 87 1530 nec
106 1477 248 1530 continere
267 1492 332 1531 suos
351 1494 368 1530 a
384 1477 541 1544 direptione
552 1485 706 1532 castrorum
717 1495 764 1531 va-

19 1564 23 1596 :
37 1546 197 1615 praedaque
208 1562 312 1611 eorum,
322 1547 497 1615 iniquissimo
507 1554 592 1612 sorte,
604 1550 764 1618 quipugnae

21 1616 221 1680 interfuerant,
242 1617 318 1670 lacto
337 1623 389 1671 est.
425 1620 540 1685 Equites
552 1616 614 1683 diu,
633 1618 724 1686 ignari
735 1625 765 1670 et

19 1702 64 1738 rae
83 1691 112 1737 et
128 1687 401 1751 victoriaesuorum,
422 1693 570 1740 steterunt.
606 1687 717 1741 Deinde
736 1695 765 1740 et

19 1793 24 1817 ,
46 1762 178 1823 quantum
198 1758 285 1824 equis·
295 1758 390 1811 subire
406 1763 550 1826 poterant,
572 1773 685 1825 sparsos
696 1757 765 1827 luga

19 1841 56 1877 ,os
67 1824 143 1878 circa
152 1827 262 1880 radices
274 1827 378 1879 montis
391 1828 547 1880 consectati
560 1828 698 1892 cecidere,
715 1835 765 1881 eut

19 1910 64 1948 ue.
86 1894 226 1949 Numerus
238 1897 451 1950 interfectorum
463 1896 537 1951 haud
549 1897 631 1951 facile
642 1898 706 1951 iniri
716 1914 764 1966 po·

32 1964 96 2030 quia
105 1964 163 2019 late
173 1982 224 2034 per
235 1983 331 2021 omnes
344 1967 487 2021 anfractus
498 1968 632 2020 montium
640 1967 763 2038 fugaque

19 2036 101 2087 aedes
116 2034 184 2087 tuit:
204 2042 232 2089 et
250 2052 351 2104 magna
367 2053 431 2105 pars
442 2037 557 2105 rupibus
568 2038 651 2090 inviis
662 2039 690 2089 in
702 2052 765 2105 pro-

19 2103 58 2157 lae
70 2104 227 2158 altitudinis
239 2108 380 2162 conualles
398 2108 514 2176 delapsa
527 2115 583 2173 est3
602 2123 667 2176 pars
678 2108 706 2158 in
717 2105 764 2157 sil·

19 2176 195 2243 vepribusque
206 2177 309 2230 occisa.
347 2178 490 2241 Claudius,
502 2180 599 2245 quibis
611 2182 764 2244 pugnatum

21 2245 117 2313 lympo
129 2253 224 2300 monte
235 2248 348 2311 scribit,
367 2247 402 2300 ad
419 2249 603 2315 quadraginta
614 2245 703 2297 millia
715 2244 764 2296 ho·

19 2330 59 2366 rm
72 2331 160 2380 caesa,
173 2325 272 2371 auctor
282 2326 342 2371 est:
360 2317 492 2371 Valerius
500 2317 606 2377 Aritias,
618 2314 666 2382 qui
675 2314 763 2380 magis

23 2383 121 2437 odlcus
137 2387 166 2439 in
182 2404 297 2441 numero
314 2388 442 2457 augendo
455 2403 515 2440 esse
525 2386 611 2448 solet,
632 2398 689 2435 non
700 2384 762 2451 plus

19 2470 51 2506 em
61 2456 161 2509 millia.
184 2458 211 2510 N
213 2474 324 2513 umerus
335 2452 776 2529 captiuorumuuunuxmxemns

19 2524 187 2594 uedraginte
197 2532 339 2600 explevit,
355 2535 429 2603 quia
437 2527 534 2584 omnus
546 2521 667 2599 generu-
675 2519 791 2606 &mg

19 2594 123 2650 urbem
139 2616 244 2658 secum
263 2611 441 2667 traxerant,
462 2590 791 2662 demigrnnmnmffit
