1844 2962
70 137 104 190 34
215 140 248 188 Τ.
267 137 379 188 lell
397 138 439 202 [U.
453 138 482 185 C.
496 137 553 188 552.
572 139 602 186 n.
613 135 642 185 C.
654 132 724 200 nom]

123 242 236 292 XXXII.
259 240 337 289 Ilaec
349 239 424 289 dieta
435 241 469 289 ab
482 239 606 289 Romano
620 255 702 304 quum
720 246 823 301 essent,
834 241 863 291 in

71 311 183 362 elinatis
206 310 328 359 omnium
350 309 448 358 animis
470 308 505 357 ad
524 309 672 369 Romanos,
693 310 862 360 Damocritu

71 385 185 448 praetor
196 379 366 438 Aetolorum,
378 379 504 444 pecunia,
516 383 546 426 ut
556 379 630 427 laum
642 385 691 440 est,
704 379 738 428 ab
751 393 818 445 rege
833 395 863 431 ac

75 455 164 515 cepta,
175 447 244 499 nihil
256 454 305 498 aut
320 448 385 498 huic
396 447 578 511 aut·illiparti
590 462 726 509 assensus,
743 446 810 499 Item
823 464 863 501 ma

72 520 124 589 gni
147 518 310 570 discriminis
320 517 440 571 conciliis
461 519 563 569 nullom
583 533 637 568 esse
658 526 713 568 tom
729 516 863 569 inimicam

75 604 156 659 quam
165 589 338 650 celeritatem,
350 588 431 640 dixit.
464 584 583 639 Celerem
595 586 663 638 enim
671 586 863 652 poenitentiae

75 660 122 711 secl
131 659 240 710 eandem
251 674 339 710 acrone
350 667 432 722 atque
442 655 580 718 inutilem,
596 657 687 724 seque]
708 672 788 723 quum
797 672 863 724 prae

76 728 193 795 cipitata
206 728 308 794 raptim
319 727 431 781 consiliu
443 742 527 791 neque
537 725 667 788 reuocari,
679 742 762 791 neque
772 726 802 778 in
812 726 863 779 intr

73 814 155 866 grum
166 797 276 850 restitui
286 796 398 862 possint.
434 794 648 847 Deliberotr'onis
660 804 750 847 autem
759 795 826 858 ciue,
836 812 863 848 ca

75 869 118 919 e'ue
139 868 196 936 ipse
208 868 397 920 maturitatem
409 866 616 932 exspectandam
623 872 754 932 putaret,
774 872 863 933 tempu

74 939 117 990 itu
128 937 183 989 iarn
194 954 264 991 nurrc
273 935 360 988 statui
367 952 459 1003 posse.-
475 951 557 1002 quum
569 935 674 1003 legibue
685 944 794 986 cautum
805 952 863 988 ercet

74 1026 108 1060 ne
120 1010 152 1060 cle
159 1025 228 1076 poce
241 1007 349 1069 bellone,
364 1005 417 1058 niti
427 1005 456 1057 r'n
468 1005 645 1058 Panaetolico
662 1014 688 1056 et
698 1003 811 1074 Pylaico
821 1020 863 1058 cor

75 1078 148 1140 cilio,
158 1087 299 1149 ageretur,
310 1079 482 1129 decernerent
492 1077 635 1143 extemplo,
656 1083 688 1126 ut
695 1083 810 1143 praetor
824 1074 863 1127 ein

3 1148 9 1157 '
70 1149 185 1218 froude,
199 1164 279 1214 quum
291 1147 400 1199 debello
412 1152 463 1197 out
472 1144 503 1197 tle
509 1161 579 1212 pace
589 1160 671 1214 agere
682 1144 756 1207 velit,
768 1146 863 1198 advoca

76 1219 232 1270 concilium:
254 1227 289 1279 et,
308 1217 379 1283 quod
390 1223 448 1268 turn
460 1216 600 1285 referatur
612 1216 836 1283 decernaturque,
848 1230 863 1267 tt

72 1287 186 1356 perinde
197 1285 240 1338 lue
251 1296 395 1352 ratumque
405 1284 450 1347 eit,
464 1300 497 1336 uc
506 1285 530 1334 ci
540 1285 569 1336 in
575 1284 753 1337 Panaetolico
764 1294 816 1338 cut
827 1285 863 1354 P,

77 1357 147 1408 laico
158 1356 273 1407 concilio
285 1364 376 1406 actum
387 1363 464 1406 estet.
500 1354 630 1404 Dimissis
646 1355 688 1406 ita
702 1368 863 1422 suspensor

76 1425 188 1491 legatis,
200 1426 312 1493 egregie
324 1423 478 1476 consultum
489 1425 566 1490 genti
578 1425 680 1475 aiebat.
716 1424 800 1488 Nam,
815 1422 863 1477 utri

76 1510 109 1545 us
121 1496 208 1561 partis
220 1496 319 1545 melior
330 1493 444 1546 fortuna
454 1493 523 1545 belli
544 1500 632 1556 esset,
643 1494 679 1544 ad
692 1494 752 1546 eius
762 1510 795 1547 so

75 1572 134 1616 tem
165 1565 356 1616 iuoIInaturos.
402 1564 482 1615 Haeo
509 1564 539 1614 in
569 1564 690 1616 concilio
713 1564 799 1617 Aetol

77 1642 149 1688 acta.

129 1704 256 1756 XXXIII.
275 1704 421 1771 Philippus
439 1703 558 1770 impigre
572 1709 650 1754 terra
664 1705 792 1772 marique
804 1718 863 1773 part

77 1776 128 1826 bat
138 1774 256 1825 bellum:
269 1775 382 1825 navales
394 1774 490 1838 copias
501 1773 710 1825 Demetriadem
720 1774 751 1824 in
764 1774 863 1828 Thessa

78 1846 146 1896 liam
159 1843 349 1895 contrahebat.
385 1842 509 1892 Attalum
530 1842 740 1910 Romanamque
763 1845 863 1897 classe!

78 1913 217 1982 principio
228 1914 301 1964 reris
313 1914 347 1963 ab
357 1911 462 1976 Aegina
472 1917 550 1962 ratus
560 1919 694 1976 moturos,
702 1914 863 1966 navibusme

79 1985 243 2049 ritimaeque
255 1997 321 2033 orae
333 1979 470 2047 praefecit
482 1982 671 2046 Heraclidem,
684 1998 767 2051 quem
777 1990 807 2036 et
819 1988 863 2036 ant

79 2053 262 2120 praefecerat.
309 2052 370 2118 Ipse
400 2056 547 2103 terrestres
573 2053 667 2119 copias
692 2054 863 2120 comparabo¹

79 2138 182 2189 magna
204 2138 233 2173 se
245 2121 300 2173 ‹Iuo
316 2121 424 2172 auxilia
440 2116 595 2174 detraxisse
610 2124 743 2174 Romanis
761 2124 863 2176 creden

80 2207 114 2243 ex
125 2208 181 2243 una
191 2198 272 2258 parte
282 2193 406 2254 Aetolos,
427 2206 462 2243 ex
472 2193 561 2244 altera
570 2192 735 2255 Dardanos,
755 2194 863 2246 faucibu

80 2260 117 2313 ad
126 2260 306 2328 Pelagoniam
318 2277 335 2313 a
345 2261 403 2312 filio
414 2261 517 2314 Perseo
528 2262 697 2316 interclusis.
716 2264 757 2315 Ab
770 2262 863 2316 consul

60 2344 136 2383 *non
146 2334 306 2398 parabatur,
317 2331 367 2383 sed
376 2334 527 2400 gerebatur
538 2333 593 2383 iam
603 2333 716 2385 bellum.
749 2333 804 2385 Per
814 2334 863 2385 Dat

80 2402 320 2455 saretiorumttnes
331 2402 617 2465 exeroItumclucehat,
624 2403 802 2466 trumentum,
810 2416 863 2470 quo

81 2487 115 2524 ex
125 2472 248 2525 hibernie
258 2472 671 2539 extulerat-Integrumvehenm
683 2473 757 2541 quod
768 2473 863 2525 inuam

80 2542 245 2595 minuentis
257 2548 338 2611 esset,
357 2540 555 2609 praebentibus
574 2543 658 2610 agris.
694 2544 806 2609 Oppida
819 2542 863 2594 ria

81 2626 136 2678 quo
155 2614 256 2679 partlm
274 2612 418 2664 voluntate
428 2645 437 2673 ,
455 2612 559 2678 partim
578 2619 654 2665 naetu
674 2628 705 2663 se
725 2614 863 2665 tradebam

82 2681 226 2741 Quaedam
236 2683 266 2733 ri
275 2686 442 2750 expugnata,
453 2682 588 2749 quaedam
600 2682 724 2747 deserta,
735 2682 766 2734 in
776 2684 863 2736 moute
