1844 2962
75 162 126 221 136
220 166 255 217 T.
272 162 385 215 Lll'll
402 163 445 230 [U.
458 162 489 215 C.
501 163 559 218 556.
576 164 608 215 h.
618 163 648 216 C.
662 163 732 232 roh]

73 270 130 322 lius
146 274 174 323 et
188 266 223 319 1..
239 266 390 320 Terentius
401 281 419 317 a
434 264 543 328 Thaso,
561 266 774 335 Lysimachiam

76 344 148 393 runt.
183 334 292 387 Eodem
312 340 342 387 et
362 350 381 386 a
395 334 556 401 Selymbria
569 336 603 389 1..
614 337 775 402 cornelius,

74 406 197 460 Thracia
215 410 281 471 post
300 418 405 470 paucos
425 404 485 456 dies
506 404 661 457 Antiochus
683 422 775 459 conve*

75 477 185 529 Primus
195 488 361 541 congressus
371 488 433 525 cum
443 473 558 543 legatis,
569 482 598 527 et
608 476 741 542 deinceps
751 476 775 527 in

74 545 197 611 benigna
208 550 236 596 et
246 542 396 610 hospitalis
406 542 471 595 tuit.
507 544 544 594 Ut
553 545 588 597 tle
598 545 738 597 mandatis
753 551 775 597 st

74 614 219 683 praesenti
230 613 312 666 Asiae
330 614 376 681 agi
394 618 524 679 coeptum
543 621 600 677 est,
621 615 707 665 animi
725 630 775 667 exa

74 690 151 737 sunt.
187 684 317 746 Romani,
327 684 422 735 omnia
432 689 498 735 acta
508 683 583 747 eius,
598 699 634 735 ex
645 699 701 751 quo
712 691 775 751 tem]

75 754 160 821 Syria
171 753 289 805 classem
301 753 448 815 solvisset,
459 752 608 818 displicere
618 755 744 816 senatui,
766 770 775 805 ι

76 821 774 890 simulabant,restituiqueetPtolemaeociritates

76 908 146 963 quae
158 893 272 944 ditionis
284 893 342 945 eius
354 890 484 955 fuissent,
495 907 614 960 aequum
626 894 775 945 censebant

75 965 149 1034 quod
158 964 196 1016 acl
204 979 249 1015 eas
260 962 386 1015 civitates
396 963 547 1025 attineret,
566 980 634 1031 quas
650 979 668 1015 a
680 962 775 1031 Philip

26 1087 27 1090 ,
76 1050 161 1087 sessas
172 1030 321 1087 Antiochus
334 1048 386 1101 per
397 1031 581 1095 occasionem,
599 1049 693 1085 auerso
709 1032 775 1087 Pha

75 1103 229 1157 Romanum
238 1101 344 1165 bellum,
355 1102 554 1169 intercepisset,
565 1100 596 1153 id
604 1118 667 1154 aero
672 1101 775 1184 ferenti

76 1192 145 1239 asse,
167 1174 301 1226 Romanos
308 1188 360 1240 per
371 1180 413 1225 tot
423 1189 507 1224 annos
519 1180 596 1223 terra
611 1189 736 1238 auareque
747 1180 775 1225 ta

75 1246 166 1301 ricula
175 1261 208 1297 ac
219 1244 325 1295 lahores
337 1241 501 1304 exhausisse,
513 1240 678 1293 Antiochum
690 1241 775 1310 hellip

76 1315 184 1369 hahere.
221 1310 276 1364 Sea
291 1311 368 1363 utin
379 1312 474 1363 Asiam
490 1313 622 1364 aduentus
638 1310 695 1363 eius
718 1311 775 1365 diss

76 1385 110 1437 alr
120 1381 262 1443 Romanis,
275 1389 406 1446 tanquam
416 1380 487 1433 nihil
496 1381 534 1433 ad
541 1397 584 1433 eos
593 1381 775 1449 pertinens,p‹

76 1452 156 1523 quid,
174 1452 246 1520 quod
255 1450 312 1501 iam
323 1449 407 1500 etiam
417 1450 446 1502 in
456 1449 599 1516 Europam
611 1450 733 1502 omnihus
744 1469 775 1504 aa

77 1520 304 1586 terrestribusque
325 1519 410 1586 copiis
431 1519 596 1582 transierit,
627 1528 761 1586 quantum

76 1602 172 1661 aperte
182 1589 312 1644 hontonis
323 1587 427 1641 indicto
439 1589 547 1641 abesse?
558 1589 639 1642 Illum
651 1588 769 1655 quidem,

76 1664 106 1717 in
126 1662 238 1717 ltaliam
257 1658 401 1723 traiiciat,
424 1668 599 1728 negaturum.
636 1659 776 1712 Rorrtanas

75 1752 129 1788 non
140 1740 352 1800 exspectaturos,
363 1738 396 1782 ut
408 1729 438 1781 id
442 1737 535 1796 posset
545 1730 653 1798 sarcre.

128 1803 188 1854 XL.
207 1802 346 1853 Adversus
359 1816 393 1851 ea
402 1797 564 1860 Antiochus,
576 1797 680 1850 Mirari
691 1813 728 1861 se,
741 1797 775 1849 di:

77 1887 170 1924 manos
188 1879 245 1921 tam
261 1870 404 1939 diligenter
418 1869 571 1937 inquirere,
594 1868 661 1936 qnid
678 1866 740 1935 regi
755 1872 775 1919 Α

70 1940 231 2013 faciendum
238 1948 292 2002 ;at,
300 1956 435 2007 quousque
442 1938 646 2005 terramariquc
655 1939 775 2004 progrei

71 2008 165 2081 suerit
175 2008 258 2076 ipsis,
276 2027 329 2062 non
341 2010 473 2080 cogitare.
511 2007 605 2061 Asiam
616 2007 685 2061 nihil
702 2008 741 2057 ad
756 2025 775 2076 p

76 2079 229 2133 Romanum
239 2080 390 2145 pertinere:
412 2097 460 2134 nec
471 2080 560 2149 stragis
570 2079 625 2131 illis
641 2076 775 2145 inquirent

76 2167 120 2211 se,
139 2148 205 2214 quid
213 2148 362 2201 Antiochus
373 2149 403 2200 in
415 2150 498 2211 Asia,
520 2165 600 2216 quam
612 2145 746 2199 Antiocho
753 2185 761 2211 ,

76 2219 163 2272 Italia
170 2220 288 2285 populus
299 2218 439 2270 Romanus
445 2219 551 2288 faciat.
566 2218 644 2282 Quod
653 2217 690 2267 ad
698 2215 775 2269 Ptole

77 2288 210 2351 attineat,
223 2288 267 2339 cui
279 2289 419 2355 adernptas
431 2288 557 2340 ciuitates
571 2295 721 2354 queruntur
728 2303 740 2347 ;
763 2303 775 2338 s

76 2360 232 2413 Ptolemaeo
244 2366 271 2409 ct
283 2357 434 2410 amicitiam
446 2374 515 2420 esse,
533 2367 560 2409 ct
571 2359 600 2410 id
610 2372 693 2425 agere
705 2371 748 2419 se,
771 2373 775 2407 r

77 2431 161 2483 etiam
177 2427 302 2496 affinitas
322 2428 457 2497 iungatur
505 2424 560 2479 Nec
580 2444 613 2479 ex
630 2424 759 2492 Philippi

77 2502 190 2553 aduersa
207 2499 328 2570 fortuna
340 2498 426 2565 spolia
442 2499 498 2548 ulla
512 2513 540 2547 se
552 2496 668 2565 petisse.-
689 2504 740 2545 aut
757 2512 774 2547 a

77 2568 212 2622 Romanos
223 2568 251 2621 iu
264 2570 407 2634 Europam
420 2567 559 2619 traiecisse
566 2585 576 2628 ;
599 2567 645 2617 sed
662 2581 715 2630 qua
726 2564 775 2633 Lp

79 2642 208 2704 quondam
220 2637 446 2707 regnnmfitcrit,
459 2641 522 2702 (qao
533 2637 605 2687 ricto
616 2635 715 2694 annua,
729 2651 775 2698 qut

73 2708 205 2781 fuissent,
215 2707 275 2760 iure
288 2707 349 2760 totu
361 2706 465 2759 Seleuci
476 2706 561 2776 facta
573 2706 638 2770 sint)
651 2702 775 2758 existima

41 2816 101 2854 ····0,.
