1838 2954
11 64 132 135 gatodad
145 63 287 114 consulem
298 70 326 113 et
337 62 496 114 Africanum
507 39 656 124 iusserint,
666 70 694 113 ct
705 71 779 130 pete-

11 141 80 200 ,ut,
96 135 123 185 si
133 133 200 184 dare
211 147 275 184 vere
286 147 397 198 pacem,
419 147 472 182 non
496 139 604 184 tantum
627 134 782 195 ostendere,

11 209 146 256 ouantes
157 218 234 269 spem
246 202 410 252 miserorum
417 239 424 264 ‚
437 203 554 264 vellent,
567 211 616 253 aut
627 218 661 253 ex
673 218 781 252 summa

11 274 111 327 cuniae
123 272 279 332 demerent,
300 277 348 322 aut
359 272 569 335 permissionem
584 279 663 323 extra
680 273 783 322 civium

11 359 95 412 spera
107 343 169 393 fieri
178 342 314 392 iuberent.
333 341 411 390 Nihil
423 342 609 405 impetratum,
622 348 653 390 ut
664 347 783 391 mutaret

11 414 87 466 nsul:
112 419 140 463 et
153 427 186 463 ea
199 426 304 477 quoque
317 410 398 459 irrita
409 411 512 474 legatio
525 410 640 460 dimissa
652 417 701 460 est.
737 409 784 460 Se·

11 486 32 536 ti
45 488 74 536 et
85 481 268 534 Athenienses
279 486 356 530 sunt:
377 485 404 530 et
421 482 547 545 princeps
569 479 719 545 legationis
739 494 784 528 eo·

11 550 224 605 mEchedemus
246 549 381 617 fatigatos
402 553 446 598 tot
467 548 586 614 repulsis
609 547 736 609 Aetolos,
758 553 786 598 et

13 621 188 690 mplorantes
200 620 293 670 inutili
304 618 506 670 lamentatione
522 616 663 668 fortunam
686 617 787 684 gentis,

22 707 103 760 spem
113 690 270 752 revocavit3
293 694 391 740 auctor
402 687 524 739 indutias
536 703 585 739 sex
597 687 731 740 meusium
743 702 788 753 pe-

11 762 67 825 ndi,
91 767 124 811 ut
134 761 244 826 legatos
256 759 372 810 Romam
384 759 497 809 mittere
507 764 627 824 possent.
664 756 786 810 Dilatio·

11 849 36 885 m
46 829 119 884 nitu
130 829 167 880 ad
173 827 332 896 praeseutia
343 830 430 892 suala,
454 829 551 895 quippe
563 845 630 896 arene
641 827 739 880 altiora
752 842 788 877 es-

11 911 45 964 st,
57 899 243 952 adiecturum:
256 897 342 950 levari
354 913 407 962 per
417 901 514 948 rrsuttos
526 914 612 958 casus,
623 906 672 948 tem
694 913 738 946 ore
748 896 788 946 iu-

11 969 122 1039 rposs'to,
129 975 287 1035 praesentes
295 967 389 1017 clades
394 982 482 1033 posse.
497 967 618 1017 Auctore
629 912 787 1016 Echedemo

11 1040 65 1092 lem
76 1038 168 1099 missi,
177 1036 255 1103 prius
265 1035 295 1086 P.
307 1035 436 1101 Scipione
449 1041 599 1099 convento,
615 1048 665 1099 per
677 1049 738 1084 eum
750 1034 789 1082 in·

11 1111 75 1160 [tias
87 1105 222 1172 temporis
234 1105 303 1166 eius,
315 1104 387 1170 quod
399 1105 539 1169 petebant,
551 1121 568 1154 a
578 1104 692 1155 consule
703 1104 789 1168 impe-

11 1182 140 1230 arerunt:
164 1180 206 1236 et,
217 1175 311 1225 soluta
323 1173 468 1226 obsidione
479 1172 656 1241 Amphissae,
667 1173 714 1224 Μ’.
729 1173 788 1224 Aci·

11 1264 47 1310 us,
57 1246 165 1297 tradito
178 1244 287 1295 consuli
297 1244 429 1304 exercitu,
449 1245 593 1310 provincia
605 1243 737 1295 decessit:
761 1249 789 1293 et

11 1317 82 1368 insul
93 1315 128 1366 ab
139 1311 285 1379 Amphissa
295 1311 470 1364 Thessaliam
483 1314 599 1380 repetit,
619 1319 651 1364 ut
670 1328 721 1381 per
730 1312 790 1363 Ma·

11 1385 128 1438 doniam
151 1383 356 1448 Thraciamque
383 1382 497 1433 duceret
520 1385 549 1433 in
567 1384 671 1435 Asiam.
717 1384 789 1433 Tum

11 1455 131 1506 irieanus
143 1452 235 1503 fratri:
255 1452 328 1512 Iter,
351 1453 421 1517 praed
438 1452 555 1513 insistis,
574 1451 608 1504 L.
621 1453 721 1520 Scipio,
741 1468 789 1519 ego

11 1543 88 1592 toque
99 1522 233 1590 approba:
254 1522 300 1571 sed
312 1529 399 1571 totum
416 1521 447 1571 id
463 1522 581 1572 vertitur
600 1523 630 1576 irs
652 1527 791 1575 voluntate

11 1595 118 1661 hilippi.
157 1590 209 1655 Qui
214 1628 222 1654 ,
233 1589 256 1639 si
267 1589 379 1656 imperio
390 1600 482 1641 nostro
493 1591 569 1661 fidus
581 1603 634 1656 est,
651 1603 677 1644 et
688 1593 752 1651 iter,
765 1598 792 1639 st

11 1672 162 1724 immaurus,
175 1669 202 1711 et
212 1659 315 1721 omnia,
338 1676 405 1726 pirae
416 1659 445 1711 irs
456 1662 534 1728 luogo
546 1662 644 1715 itinere
657 1659 792 1713 exercitas

11 1734 233 1796 anticipansque,
253 1728 328 1781 nobis
349 1730 544 1795 suppeditabit:
567 1732 632 1782 siis
653 1726 793 1787 destituat,

11 1803 53 1855 'dil
60 1820 113 1870 per
129 1798 275 1851 Thraciam
287 1798 355 1850 satis
368 1809 453 1850 tutum
463 1800 581 1852 latebis.
602 1800 699 1863 Itaque
712 1794 793 1861 prins

11 1874 57 1943 gis
72 1872 192 1924 animum
205 1869 342 1935 explorari
356 1871 456 1937 placet.
477 1868 585 1936 Optime
597 1864 794 1933 explorabitur,

18 1942 90 1995 nihil
98 1947 307 2009 expraeparato
320 1947 451 2013 agentem
462 1933 800 2010 opprimet,miimuttemn

11 2013 22 2061 ἴ,
35 2011 220 2078 Sempronius
234 2011 403 2081 Gracchus,
420 2013 516 2083 longe
527 2019 597 2062 tum
611 2002 781 2056 acerixmss
791 2006 829 2064 xx}

11 2095 68 2130 rum
82 2083 163 2136 adid
177 2085 317 2144 delectus
328 2127 338 2159 ,
349 2105 405 2163 per
420 2083 596 2158 dispositos
606 2069 829 2144 emunivit&
