1838 2954
67 304 102 357 24
212 308 245 359 r.
264 307 373 359 nrvrr
392 305 435 372 [n.
448 306 546 357 uam.
565 305 598 356 n.
610 305 640 354 e.
652 270 732 371 200.]'

67 410 220 477 proiectus,
240 424 322 460 cursu
338 424 425 476 prope
436 406 596 461 Chalcidem
618 406 769 471 contendit,
788 406 811 459 ha

69 494 209 547 qucquam
229 478 329 529 dubius
346 479 466 545 opprimi
486 478 627 530 Romanos
649 491 741 544 posse.
776 478 802 529 A

71 550 223 601 destitutus
233 562 290 613 spe,
302 549 509 616 necquicquam
520 546 605 610 uliud,
612 560 694 614 quam
705 546 741 597 ad
750 544 811 599 deit

70 616 811 685 spectaculumsemiruteesclumantissociaeurbisq

70 684 207 749 venisset,
218 687 315 752 paucis
326 688 380 750 rix,
391 688 438 755 qui
447 682 598 754 sepelirent
612 685 688 738 bello
702 688 811 753 absump

70 754 189 819 relictis,
202 770 289 824 eoque
300 759 401 823 raptim
412 772 446 809 ec
455 762 578 818 venerat,
588 762 781 823 transgressus
792 772 810 825 p

70 822 217 891 Euripum,
227 840 277 891 per
288 828 435 881 Boeotiam
446 825 569 879 Athenas
579 825 663 888 ducit,
683 827 747 892 puri
765 826 811 878 inc

70 891 146 945 haud
155 894 295 963 disparem
312 903 440 949 eventum
452 902 749 961 ratusresponsurum.
785 896 810 949 E

71 962 247 1029 spondium,
267 966 298 1017 ui
312 968 492 1033 speculator,
510 965 757 1035 (hemerodromos
771 979 808 1016 vo

72 1032 180 1096 Graeci,
190 1034 338 1101 ingensdie
345 1052 399 1087 uuo
406 1052 487 1087 cursu
497 1036 662 1088 emetientes
673 1032 808 1101 spatium)

69 1104 224 1168 templatus
243 1104 351 1171 regium
361 1120 460 1173 agmen
482 1104 627 1170 especula
648 1103 777 1170 quadem,
797 1119 811 1169 p

69 1186 182 1238 gressus
193 1180 277 1226 nocte
288 1175 381 1226 media
389 1173 510 1226 Athenas
521 1173 704 1240 pervenisset.
741 1173 810 1224 iden

70 1255 193 1304 somnus,
205 1243 356 1310 eademque
366 1245 537 1312 negligentia
547 1248 621 1305 erat,
632 1257 702 1308 quae
713 1238 809 1293 Chalci

70 1310 131 1363 dies
142 1319 207 1364 ente
216 1327 320 1379 paucos
330 1314 502 1379 prodiderat.
524 1311 752 1363 Excitatinuntio
764 1318 807 1363 tre

70 1389 100 1430 ot
119 1389 233 1448 praetor
252 1382 469 1444 Atheniensium,
492 1388 521 1433 et
541 1381 699 1445 Dioxippus
714 1380 811 1446 praese

70 1448 195 1501 cohortis
206 1451 333 1502 mercede
349 1451 532 1501 militantium
543 1451 721 1512 erisiliorum,
738 1465 808 1500 conr

70 1519 107 1569 tis
119 1518 148 1567 in
158 1517 250 1568 iorum
261 1519 407 1582 militibus,
429 1521 496 1570 tuba
504 1520 614 1586 signum
630 1534 665 1570 ex
677 1535 740 1571 urce
756 1518 807 1569 dar

72 1587 148 1648 bent,
158 1594 191 1637 ut
202 1585 297 1639 hostes
307 1587 404 1639 adesse
415 1604 510 1640 omncs
521 1593 632 1640 scirent.
655 1590 700 1639 lta
710 1588 812 1654 undiqu

72 1661 179 1722 portus,
199 1656 235 1707 ad
254 1672 349 1707 muros
370 1658 537 1709 discurrunt.
577 1658 683 1709 Paucas
705 1666 772 1725 post
794 1655 811 1706 h

72 1725 228 1794 Philippus,
249 1727 391 1793 eliquanto
411 1733 503 1779 tannen
525 1732 589 1778 ente
609 1727 708 1790 lucem,
731 1741 811 1793 appr(

73 1811 160 1862 quans
170 1795 243 1859 urbi,
257 1797 413 1863 conspectis
424 1797 575 1847 luminibus
587 1798 704 1858 crebris,
725 1803 753 1848 et
763 1797 811 1848 ire]

73 1863 215 1916 hominum
225 1867 437 1931 trepidantium,
449 1868 519 1917 utin
531 1866 583 1917 tuli
593 1867 724 1928 tumultu,
735 1882 809 1918 exau

72 1935 208 1984 sustinuit
218 1935 311 1999 signa:
324 1942 353 1986 et
365 1936 509 1988 considere
522 1951 555 1987 nc
570 1939 765 2001 conquiescere
777 1950 811 2002 ug

71 2003 163 2064 iussit,
173 2005 200 2051 ri
213 2011 310 2069 aperta
320 2007 464 2071 propalam
476 2021 589 2067 usurus,
600 2007 710 2071 quando
722 2020 811 2071 perun

71 2072 115 2122 lus
125 2070 277 2138 profuerat.
312 2074 353 2124 Ab
369 2075 475 2142 Dipylo
489 2076 615 2127 accessit.
649 2073 736 2125 Porta
748 2090 811 2138 ea,r

71 2139 101 2191 in
112 2142 247 2193 oreurbis
265 2142 375 2208 posita,
395 2145 485 2196 mmor
505 2146 649 2211 aliquanto
672 2146 811 2209 patentior

73 2225 155 2276 quom
167 2217 287 2274 ceterae,
310 2219 363 2263 est:
384 2222 412 2265 et
422 2215 496 2266 iutra
506 2230 567 2265 eum
578 2219 713 2279 extraque
723 2214 798 2265 latae

73 2279 147 2343 viae,
159 2286 190 2330 ut
203 2287 231 2333 et
241 2281 375 2347 oppidani
388 2284 510 2352 dirigere
520 2284 607 2334 aciem
618 2298 634 2333 a
644 2282 707 2334 foro
718 2283 754 2334 ad
766 2297 811 2349 por

73 2356 202 2415 possenti
222 2357 251 2402 et
271 2357 351 2404 extra
363 2353 444 2404 limes
460 2354 535 2404 millo
545 2351 633 2403 ieiune
644 2368 744 2418 passus
766 2355 811 2404 ion

72 2420 102 2468 in
112 2419 278 2472 Academiae
285 2423 460 2488 gymnasium
471 2422 572 2484 ferens,
583 2422 672 2488 pediti
679 2422 811 2489 equitique

73 2490 157 2538 stium
170 2489 288 2541 liberum
300 2493 419 2557 spatium
433 2490 589 2560 praeberet.
625 2493 667 2542 Eo
686 2492 775 2542 limite
794 2493 811 2543 A

73 2558 184 2609 nienses
201 2575 261 2609 cum
281 2562 369 2613 Attali
389 2559 529 2628 praesidio
552 2566 579 2611 et
600 2559 714 2612 cohorte
733 2561 808 2612 Diox

74 2628 134 2679 acie
146 2630 219 2681 intra
230 2636 339 2695 portam
349 2631 494 2692 instructa,
504 2629 584 2695 signo
594 2631 764 2683 extulerunt.
794 2632 811 2690 G

73 2698 124 2747 ubi
134 2697 279 2766 Philippus
290 2700 370 2758 sidit,
381 2699 483 2751 hebere
494 2714 524 2750 sc
535 2698 630 2752 hostes
641 2701 670 2749 in
683 2706 811 2764 potestat*

73 2773 127 2825 tus,
141 2773 168 2817 et
180 2769 225 2818 diu
241 2774 338 2833 optata
349 2769 433 2820 caede
450 2773 548 2834 (neque
560 2773 631 2819 enim
643 2771 695 2819 ulii
707 2771 811 2820 Graeca

57 2833 216 2885 cintntr'nm
227 2837 365 2892 infestior·
376 2845 453 2906 orat)
467 2839 811 2911 expletururn,cubortatu
