1838 2954
12 85 574 156 xvt.cn·.22.23.[matoneum]
592 88 645 142 28³

20 190 132 241 urbium
144 192 295 261 perficitur.
331 192 369 242 Et
379 206 461 258 quum
478 206 545 258 ager
555 192 645 243 Hera·

12 261 101 312 iuster
112 263 201 312 oninis
211 260 395 327 frequensque
406 262 530 326 proceris
540 261 645 313 arbori·

12 344 48 381 ne
60 329 96 381 ad
106 346 186 381 omne
198 345 285 396 genus
296 345 409 395 operum
421 334 566 382 materiam
583 346 645 398 sup·

12 406 81 462 tum,
92 400 157 466 quia
167 400 327 467 refugerant
340 400 412 450 intra
422 403 533 452 moenia
542 401 645 462 Aetoii,

12 484 44 521 ae
54 470 83 519 in
92 469 230 520 vestibulo
241 470 317 520 urbis
330 476 416 530 erent,
426 477 501 521 tecta
514 471 543 520 in
553 470 646 521 varios

12 553 62 607 gna
71 539 155 590 modo
166 544 195 590 et
207 539 326 601 tabulas,
339 538 388 590 sed
399 539 515 591 laterem
526 553 645 606 quoque,

12 608 647 676 t‚etsaxarariaemagnitudinis,praebebant.

14 678 54 729 Et
62 678 180 730 Romani
193 677 301 744 quidem
314 679 444 745 operibus
454 678 554 745 magis,
564 692 646 744 quam

15 762 58 799 em
71 748 283 815 oppugnabant:
302 749 394 800 Aetoli
406 754 505 800 contra
521 748 606 799 armis
616 761 647 799 se

20 817 106 879 Nam,
117 832 200 883 quum
213 819 299 870 ariete
310 822 489 884 quaterentur
500 817 581 879 muri,
592 830 648 868 nou

11 886 132 949 taolent,
154 896 286 953 exceptos
297 886 476 938 declinabant
492 887 578 949 ictus3
597 884 647 938 sed

11 963 125 1023 luentes,
137 957 249 1022 quidam
262 957 339 1022 ignes
351 957 447 1018 etiam,
459 970 527 1021 quos
538 954 647 1022 aggeri·

11 1031 68 1089 ent,
89 1026 224 1077 ferebant.
260 1025 392 1077 Fornices
404 1038 512 1091 quoque
523 1023 553 1074 in
567 1038 647 1075 muro

11 1095 45 1146 ad
57 1096 270 1148 excurrendum:
292 1101 320 1145 et
331 1095 398 1160 ipsi,
418 1109 500 1161 quum
512 1105 561 1158 pro
574 1091 650 1142 diru-

11 1171 50 1216 mt
68 1180 177 1227 muros,
205 1165 358 1216 crebriores
379 1179 442 1226 eos,
472 1169 504 1213 ut
522 1160 649 1229 pluribus

11 1250 36 1285 rr
46 1235 74 1287 in
86 1232 193 1287 hostem
204 1234 282 1297 locis,
294 1234 441 1286 faciebant.
476 1232 541 1284 Hoc
551 1230 649 1299 primia

11 1304 163 1373 nintegrae
172 1306 244 1356 vires
255 1310 341 1367 erant,
353 1310 381 1356 et
393 1304 550 1381 freqpentes
561 1308 590 1354 et
599 1301 650 1352 im-

11 1382 73 1427 unt:
93 1373 120 1423 in
134 1373 192 1425 dies
205 1374 312 1436 deinde,
333 1374 478 1440 pauciores
489 1378 518 1423 et
527 1370 647 1437 segnius.

14 1459 58 1493 um
71 1442 165 1493 multis
177 1451 343 1509 urgerentur
354 1443 444 1503 rebus,
456 1442 533 1492 nulia
545 1456 593 1493 eos
603 1454 648 1490 res

12 1512 126 1577 vigiliae
138 1514 333 1575 conficiebaut3
355 1511 487 1563 Romanis
503 1510 532 1559 in
547 1522 649 1573 magna

12 1598 56 1632 um
67 1581 276 1633 suceedentibus
287 1582 351 1632 aliis
365 1582 392 1632 in
411 1581 562 1630 stationem
578 1578 649 1627 aiio·

11 1667 33 1702 rs
44 1658 157 1717 propter
168 1653 339 1718 paucitatem
350 1649 461 1701 eosdem
473 1648 533 1699 dies
542 1651 649 1698 noctes·

11 1721 128 1771 >laboro
140 1728 245 1773 urente.
281 1721 335 1770 Per
351 1727 483 1785 quattuor
499 1723 527 1768 et
546 1716 649 1784 viginti

11 1790 117 1839 nullum
128 1799 236 1856 tempus
247 1805 361 1839 vacuum
375 1789 554 1838 dimicatione
566 1794 647 1847 esset,

10 1865 130 1925 quattuor
154 1877 168 1911 e
190 1860 316 1925 partibus
339 1857 422 1908 simul
444 1862 648 1924 oppugnantem

13 1935 126 1979 cturnus
152 1929 252 1978 diurno
283 1931 462 1978 continuatus
488 1927 568 1978 labor
596 1931 648 1977 est.

10 2004 83 2064 gatos
95 1999 150 2047 iam
161 1998 275 2048 Aetolos
287 1997 371 2048 sciret
391 1996 486 2047 consui
507 2003 535 2047 et
552 2011 586 2047 ex
605 2011 650 2046 ra·

9 2068 78 2127 oris,
101 2073 128 2117 et
140 2066 213 2134 quod
230 2068 269 2115 itu
284 2065 446 2132 transfugae
464 2065 648 2125 affirmabant,

13 2152 57 2185 um
74 2136 145 2185 iniit.
183 2136 280 2186 Media
295 2142 376 2187 nocte
393 2137 517 2203 receptui
537 2137 648 2199 signum

10 2223 19 2256 ›
30 2201 237 2271 oppugnatione
248 2205 329 2255 simul
342 2221 435 2257 omnes
446 2207 550 2256 milites
564 2203 649 2252 ‹leriu-

14 2275 49 2324 ad
63 2276 173 2325 tertiam
190 2274 246 2324 (liei
262 2273 358 2326 horam
376 2276 483 2341 quietos
499 2274 526 2323 in
549 2269 648 2321 castris

14 2344 46 2395 de
59 2352 159 2411 coepta
176 2346 346 2411 oppugnatio
363 2345 398 2395 ad
415 2343 532 2394 mediam
552 2352 648 2390 rursus

10 2413 104 2465 relucta
127 2420 181 2466 est:
204 2415 362 2464 intermissa
383 2410 482 2463 deinde
503 2424 590 2473 usquo
612 2408 649 2463 ad

10 2482 138 2535 iberam.
176 2481 586 2555 Fatigationemrat'ieausam
598 2493 666 2528 essa

28 2554 245 2611 continuandae
272 2551 527 2628 oppugnationis,
555 2563 635 2619 iim
654 2549 691 2594 Ἀ

10 2625 63 2686 at,
80 2622 132 2677 ubi
148 2626 296 2687 Romanis
311 2620 711 2698 ostunxeeeptbssxaffi
