1838 2954
314 59 440 114 hostium
452 61 552 111 castris
563 60 679 123 mausit3
701 63 809 109 ceteros
820 59 849 107 iu
861 73 915 109 sua

315 130 437 183 reduxit.
473 128 592 181 Postero
615 128 661 180 die
683 130 805 196 captivos
821 127 918 194 praed

316 200 385 250 mit:
408 213 480 267 quae
499 204 579 250 tanta
595 198 662 260 fuit,
683 204 814 265 quantam
827 197 917 248 avidis

317 284 400 337 gens,
422 283 505 335 quum
522 270 562 319 cis
577 273 701 319 montem
717 270 842 319 Taurum
862 281 919 318 om

318 338 422 390 multus
433 340 570 390 tenuisset
580 352 676 400 anuos,
688 352 852 389 coacervare
863 347 913 406 pot

319 409 453 476 dissipata
472 408 576 475 passim
599 407 666 475 fuga
684 410 713 459 iu
735 423 820 459 unum
839 407 902 459 locu

319 492 421 549 magna
434 493 498 546 pars
515 478 603 529 saucii
613 483 663 529 aut
673 478 812 541 inermes,
834 478 919 529 nuda

320 549 387 611 bus,
406 554 533 600 oratores
549 546 583 600 de
600 563 668 614 pace
685 547 874 600 adcumulem
888 563 915 599 m

320 616 442 669 Manlius
452 616 593 684 Ephesum
603 619 698 669 venire
710 619 802 669 iussit.
822 619 914 684 Ipsa(

322 686 397 738 dium
408 687 553 738 auctumni
564 687 712 754 erat)lociu
722 688 918 755 gelidispropu

322 757 427 807 montis
444 755 581 809 excedere
599 772 765 825 properans,
786 760 904 811 victure

322 824 440 878 hiberna
453 825 612 877 maritimae
624 841 691 878 orae
701 828 822 881 reduxit.

375 893 504 947 xxvlu.
525 894 599 948 Dum
615 893 685 948 haec
700 898 730 949 iu
741 899 806 949 Asia
816 913 919 965 gerun·

323 964 474 1033 provinciis
485 970 547 1016 tran
570 965 656 1018 uillae
667 981 712 1018 res
723 965 844 1019 fuerunt.
877 969 914 1020 Ge

322 1036 357 1087 T.
373 1034 522 1097 Quinctius
561 1034 709 1087 laminiuus
726 1042 757 1088 et
770 1036 810 1088 M.
827 1038 913 1089 Claud

323 1112 450 1156 senatum
460 1105 650 1174 perlegerunt.
672 1105 805 1174 Princeps
816 1107 845 1158 iu
857 1123 916 1159 sen

324 1178 386 1225 etus
406 1174 436 1228 P.
459 1174 553 1240 Scipio
572 1173 732 1227 Africanus:
753 1183 887 1242 quattuor
911 1202 916 1221 ‚«

324 1248 399 1304 nunt,
409 1259 493 1297 nemo
505 1245 596 1296 curuli
606 1259 672 1296 usus
682 1245 798 1299 honore.
814 1248 852 1299 Et
861 1246 917 1299 ine

323 1311 410 1363 sendo
421 1314 498 1375 mitia
508 1314 655 1367 admodum
668 1331 785 1368 censura
796 1316 859 1369 suit.
888 1316 908 1370 S

324 1394 409 1436 muner
420 1382 639 1436 Aeuuimaelium
650 1385 678 1436 iu
686 1386 835 1436 Cauitalio.
847 1394 875 1436 et
885 1389 913 1436 vi
