<?xml version="1.0" encoding="UTF-8"?>
<!DOCTYPE html PUBLIC "-//W3C//DTD XHTML 1.0 Transitional//EN"
    "http://www.w3.org/TR/xhtml1/DTD/xhtml1-transitional.dtd">
<html xmlns="http://www.w3.org/1999/xhtml" xml:lang="en" lang="en">
 <head>
  <title>
</title>
<meta http-equiv="Content-Type" content="text/html;charset=utf-8" />
  <meta name='ocr-system' content='tesseract 3.04.00' />
  <meta name='ocr-capabilities' content='ocr_page ocr_carea ocr_par ocr_line ocrx_word'/>
</head>
<body>
  <div class='ocr_page' id='page_1' title='image "./tliviipatavinih02livigoog_0157.png"; bbox 0 0 1838 2954; ppageno 0'>
   <div class='ocr_carea' id='block_1_1' title="bbox 303 48 870 122">
    <p class='ocr_par' dir='ltr' id='par_1_1' title="bbox 303 48 870 122">
     <span class='ocr_line' id='line_1_1' title="bbox 303 48 870 122; baseline -0.009 -15"><span class='ocrx_word' id='word_1_1' title='bbox 303 52 356 110; x_wconf 79' lang='lat'>150</span> <span class='ocrx_word' id='word_1_2' title='bbox 455 48 870 122; x_wconf 76' lang='lat' dir='ltr'>r.n1v11[n.u557.n.c</span> 
     </span>
    </p>
   </div>
   <div class='ocr_carea' id='block_1_2' title="bbox 282 161 871 2689">
    <p class='ocr_par' dir='ltr' id='par_1_2' title="bbox 303 161 871 857">
     <span class='ocr_line' id='line_1_2' title="bbox 305 161 871 230; baseline -0.016 -9"><span class='ocrx_word' id='word_1_3' title='bbox 305 166 430 221; x_wconf 79' lang='lat' dir='ltr'>exercitu</span> <span class='ocrx_word' id='word_1_4' title='bbox 441 164 589 216; x_wconf 86' lang='lat' dir='ltr'>convenire</span> <span class='ocrx_word' id='word_1_5' title='bbox 600 164 686 225; x_wconf 86' lang='lat' dir='ltr'>iussa,</span> <span class='ocrx_word' id='word_1_6' title='bbox 698 168 736 223; x_wconf 90' lang='lat' dir='ltr'>et,</span> <span class='ocrx_word' id='word_1_7' title='bbox 748 161 842 213; x_wconf 90' lang='lat' dir='ltr'>edicta</span> <span class='ocrx_word' id='word_1_8' title='bbox 853 177 871 230; x_wconf 92' lang='lat' dir='ltr'>p</span> 
     </span>
     <span class='ocr_line' id='line_1_3' title="bbox 304 232 864 299; baseline -0.005 -13"><span class='ocrx_word' id='word_1_9' title='bbox 304 250 377 286; x_wconf 85' lang='lat' dir='ltr'>marn</span> <span class='ocrx_word' id='word_1_10' title='bbox 394 234 495 295; x_wconf 87' lang='lat' dir='ltr'>misso,</span> <span class='ocrx_word' id='word_1_11' title='bbox 515 233 632 284; x_wconf 81' lang='lat' dir='ltr'>nuribus</span> <span class='ocrx_word' id='word_1_12' title='bbox 648 232 737 283; x_wconf 89' lang='lat' dir='ltr'>omnis</span> <span class='ocrx_word' id='word_1_13' title='bbox 753 232 864 299; x_wconf 85' lang='lat' dir='ltr'>generis</span> 
     </span>
     <span class='ocr_line' id='line_1_4' title="bbox 303 301 870 369; baseline -0.009 -14"><span class='ocrx_word' id='word_1_14' title='bbox 303 305 385 355; x_wconf 56' lang='lat' dir='ltr'>iruna</span> <span class='ocrx_word' id='word_1_15' title='bbox 394 302 572 369; x_wconf 83' lang='lat' dir='ltr'>proficiscens</span> <span class='ocrx_word' id='word_1_16' title='bbox 582 301 686 364; x_wconf 84' lang='lat' dir='ltr'><strong>edixit,</strong></span> <span class='ocrx_word' id='word_1_17' title='bbox 707 308 740 352; x_wconf 88' lang='lat' dir='ltr'>ut</span> <span class='ocrx_word' id='word_1_18' title='bbox 750 301 786 352; x_wconf 85' lang='lat' dir='ltr'>ad</span> <span class='ocrx_word' id='word_1_19' title='bbox 797 301 870 353; x_wconf 77' lang='lat' dir='ltr'>Porti</span> 
     </span>
     <span class='ocr_line' id='line_1_5' title="bbox 305 371 870 439; baseline 0.002 -16"><span class='ocrx_word' id='word_1_20' title='bbox 305 379 468 439; x_wconf 83' lang='lat' dir='ltr'>querentur:</span> <span class='ocrx_word' id='word_1_21' title='bbox 481 371 545 424; x_wconf 89' lang='lat' dir='ltr'>inde</span> <span class='ocrx_word' id='word_1_22' title='bbox 558 387 587 424; x_wconf 84' lang='lat' dir='ltr'>se</span> <span class='ocrx_word' id='word_1_23' title='bbox 597 371 737 439; x_wconf 82' lang='lat' dir='ltr'><strong>frequenti</strong></span> <span class='ocrx_word' id='word_1_24' title='bbox 748 371 838 423; x_wconf 82' lang='lat' dir='ltr'>classe</span> <span class='ocrx_word' id='word_1_25' title='bbox 849 387 870 424; x_wconf 71' lang='lat' dir='ltr'>a&lt;</span> 
     </span>
     <span class='ocr_line' id='line_1_6' title="bbox 303 440 870 510; baseline -0.004 -17"><span class='ocrx_word' id='word_1_26' title='bbox 303 440 495 495; x_wconf 81' lang='lat' dir='ltr'>l&#39;raetervecti</span> <span class='ocrx_word' id='word_1_27' title='bbox 506 441 670 510; x_wconf 80' lang='lat' dir='ltr'>Ligustinos</span> <span class='ocrx_word' id='word_1_28' title='bbox 683 448 793 493; x_wconf 88' lang='lat' dir='ltr'>montes</span> <span class='ocrx_word' id='word_1_29' title='bbox 810 442 870 492; x_wconf 92' lang='lat' dir='ltr'>sinu</span> 
     </span>
     <span class='ocr_line' id='line_1_7' title="bbox 304 511 870 579; baseline -0.004 -14"><span class='ocrx_word' id='word_1_30' title='bbox 304 512 340 565; x_wconf 89' lang='lat' dir='ltr'>ad</span> <span class='ocrx_word' id='word_1_31' title='bbox 352 511 435 574; x_wconf 87' lang='lat' dir='ltr'>diem,</span> <span class='ocrx_word' id='word_1_32' title='bbox 446 526 528 579; x_wconf 83' lang='lat' dir='ltr'>quam</span> <span class='ocrx_word' id='word_1_33' title='bbox 540 512 676 575; x_wconf 77' lang='lat' dir='ltr'>edixerat,</span> <span class='ocrx_word' id='word_1_34' title='bbox 693 525 870 563; x_wconf 84' lang='lat' dir='ltr'>convenerun</span> 
     </span>
     <span class='ocr_line' id='line_1_8' title="bbox 305 580 860 649; baseline -0.004 -15"><span class='ocrx_word' id='word_1_35' title='bbox 305 589 425 645; x_wconf 82' lang='lat' dir='ltr'>rentum,</span> <span class='ocrx_word' id='word_1_36' title='bbox 438 588 467 633; x_wconf 92' lang='lat' dir='ltr'>et</span> <span class='ocrx_word' id='word_1_37' title='bbox 477 582 648 649; x_wconf 78' lang='lat' dir='ltr'>praesidium</span> <span class='ocrx_word' id='word_1_38' title='bbox 660 580 860 647; x_wconf 83' lang='lat' dir='ltr'>Hispanorum,</span> 
     </span>
     <span class='ocr_line' id='line_1_9' title="bbox 304 649 870 716; baseline -0.004 -12"><span class='ocrx_word' id='word_1_39' title='bbox 304 657 380 716; x_wconf 82' lang='lat' dir='ltr'>erat,</span> <span class='ocrx_word' id='word_1_40' title='bbox 396 653 427 705; x_wconf 87' lang='lat' dir='ltr'>vi</span> <span class='ocrx_word' id='word_1_41' title='bbox 437 651 584 705; x_wconf 86' lang='lat' dir='ltr'>deiectum.</span> <span class='ocrx_word' id='word_1_42' title='bbox 620 652 661 704; x_wconf 82' lang='lat' dir='ltr'>nb</span> <span class='ocrx_word' id='word_1_43' title='bbox 673 649 773 702; x_wconf 84' lang='lat' dir='ltr'>Rhoda</span> <span class='ocrx_word' id='word_1_44' title='bbox 783 667 870 704; x_wconf 87' lang='lat' dir='ltr'>secun</span> 
     </span>
     <span class='ocr_line' id='line_1_10' title="bbox 303 721 870 789; baseline -0.002 -15"><span class='ocrx_word' id='word_1_45' title='bbox 303 724 362 774; x_wconf 85' lang='lat' dir='ltr'>rias</span> <span class='ocrx_word' id='word_1_46' title='bbox 376 728 551 789; x_wconf 86' lang='lat' dir='ltr'>perventum.</span> <span class='ocrx_word' id='word_1_47' title='bbox 587 721 629 774; x_wconf 90' lang='lat' dir='ltr'>ibi</span> <span class='ocrx_word' id='word_1_48' title='bbox 647 722 745 787; x_wconf 85' lang='lat' dir='ltr'>copiae</span> <span class='ocrx_word' id='word_1_49' title='bbox 762 735 870 785; x_wconf 90' lang='lat' dir='ltr'>omnes,</span> 
     </span>
     <span class='ocr_line' id='line_1_11' title="bbox 305 792 757 857; baseline -0.002 -12"><span class='ocrx_word' id='word_1_50' title='bbox 305 792 430 856; x_wconf 84' lang='lat' dir='ltr'>navales,</span> <span class='ocrx_word' id='word_1_51' title='bbox 442 792 471 845; x_wconf 88' lang='lat' dir='ltr'>in</span> <span class='ocrx_word' id='word_1_52' title='bbox 482 796 588 842; x_wconf 86' lang='lat' dir='ltr'>terram</span> <span class='ocrx_word' id='word_1_53' title='bbox 601 792 757 857; x_wconf 78' lang='lat' dir='ltr'>expositae.</span> 
     </span>
    </p>

    <p class='ocr_par' dir='ltr' id='par_1_3' title="bbox 298 860 870 2615">
     <span class='ocr_line' id='line_1_12' title="bbox 358 860 870 928; baseline -0.002 -15"><span class='ocrx_word' id='word_1_54' title='bbox 358 861 406 913; x_wconf 76' lang='lat' dir='ltr'>ix.</span> <span class='ocrx_word' id='word_1_55' title='bbox 425 864 484 915; x_wconf 90' lang='lat' dir='ltr'>lam</span> <span class='ocrx_word' id='word_1_56' title='bbox 499 866 567 912; x_wconf 87' lang='lat' dir='ltr'>tnnc</span> <span class='ocrx_word' id='word_1_57' title='bbox 581 862 732 928; x_wconf 81' lang='lat' dir='ltr'>Emporiae</span> <span class='ocrx_word' id='word_1_58' title='bbox 748 860 804 912; x_wconf 91' lang='lat' dir='ltr'>duo</span> <span class='ocrx_word' id='word_1_59' title='bbox 823 874 870 928; x_wconf 80' lang='lat' dir='ltr'>app</span> 
     </span>
     <span class='ocr_line' id='line_1_13' title="bbox 299 929 868 994; baseline -0.002 -10"><span class='ocrx_word' id='word_1_60' title='bbox 299 930 407 985; x_wconf 68' lang='lat' dir='ltr'>divisa.</span> <span class='ocrx_word' id='word_1_61' title='bbox 442 932 533 983; x_wconf 85' lang='lat' dir='ltr'>Unum</span> <span class='ocrx_word' id='word_1_62' title='bbox 545 931 647 984; x_wconf 84' lang='lat' dir='ltr'>Graeci</span> <span class='ocrx_word' id='word_1_63' title='bbox 657 929 806 994; x_wconf 82' lang='lat' dir='ltr'>habebunt,</span> <span class='ocrx_word' id='word_1_64' title='bbox 819 946 836 982; x_wconf 91' lang='lat' dir='ltr'>a</span> <span class='ocrx_word' id='word_1_65' title='bbox 847 934 868 983; x_wconf 90' lang='lat' dir='ltr'>P</span> 
     </span>
     <span class='ocr_line' id='line_1_14' title="bbox 304 1000 867 1069; baseline -0.002 -16"><span class='ocrx_word' id='word_1_66' title='bbox 304 1001 511 1065; x_wconf 77' lang='lat' dir='ltr'>Massilienses,</span> <span class='ocrx_word' id='word_1_67' title='bbox 524 1000 649 1054; x_wconf 87' lang='lat' dir='ltr'>oriundi:</span> <span class='ocrx_word' id='word_1_68' title='bbox 663 1001 782 1053; x_wconf 85' lang='lat' dir='ltr'>aiterum</span> <span class='ocrx_word' id='word_1_69' title='bbox 794 1001 867 1069; x_wconf 87' lang='lat' dir='ltr'>Hisp</span> 
     </span>
     <span class='ocr_line' id='line_1_15' title="bbox 306 1071 870 1140; baseline -0.004 -15"><span class='ocrx_word' id='word_1_70' title='bbox 306 1088 367 1125; x_wconf 83' lang='lat' dir='ltr'>cunr</span> <span class='ocrx_word' id='word_1_71' title='bbox 379 1072 513 1140; x_wconf 91' lang='lat' dir='ltr'>oppidum</span> <span class='ocrx_word' id='word_1_72' title='bbox 525 1071 555 1122; x_wconf 94' lang='lat' dir='ltr'>in</span> <span class='ocrx_word' id='word_1_73' title='bbox 565 1086 642 1123; x_wconf 86' lang='lat' dir='ltr'>arare</span> <span class='ocrx_word' id='word_1_74' title='bbox 655 1073 870 1138; x_wconf 87' lang='lat' dir='ltr'>expositum,tot</span> 
     </span>
     <span class='ocr_line' id='line_1_16' title="bbox 306 1141 870 1209; baseline 0.004 -16"><span class='ocrx_word' id='word_1_75' title='bbox 306 1143 395 1194; x_wconf 90' lang='lat' dir='ltr'>minus</span> <span class='ocrx_word' id='word_1_76' title='bbox 406 1141 624 1209; x_wconf 80' lang='lat' dir='ltr'>quadringentas</span> <span class='ocrx_word' id='word_1_77' title='bbox 636 1156 736 1208; x_wconf 86' lang='lat' dir='ltr'>passus</span> <span class='ocrx_word' id='word_1_78' title='bbox 746 1147 870 1208; x_wconf 84' lang='lat' dir='ltr'>patenter</span> 
     </span>
     <span class='ocr_line' id='line_1_17' title="bbox 304 1210 870 1278; baseline 0.004 -16"><span class='ocrx_word' id='word_1_79' title='bbox 304 1212 398 1278; x_wconf 91' lang='lat' dir='ltr'>spanis</span> <span class='ocrx_word' id='word_1_80' title='bbox 415 1212 567 1263; x_wconf 85' lang='lat' dir='ltr'>retractior</span> <span class='ocrx_word' id='word_1_81' title='bbox 582 1225 600 1262; x_wconf 91' lang='lat' dir='ltr'>a</span> <span class='ocrx_word' id='word_1_82' title='bbox 613 1210 687 1262; x_wconf 86' lang='lat' dir='ltr'>mari</span> <span class='ocrx_word' id='word_1_83' title='bbox 702 1211 787 1262; x_wconf 91' lang='lat' dir='ltr'>trium</span> <span class='ocrx_word' id='word_1_84' title='bbox 803 1213 870 1264; x_wconf 90' lang='lat' dir='ltr'>miili</span> 
     </span>
     <span class='ocr_line' id='line_1_18' title="bbox 305 1279 870 1349; baseline 0.004 -18"><span class='ocrx_word' id='word_1_85' title='bbox 305 1279 422 1331; x_wconf 86' lang='lat' dir='ltr'>circuitu</span> <span class='ocrx_word' id='word_1_86' title='bbox 433 1294 528 1330; x_wconf 87' lang='lat' dir='ltr'>murus</span> <span class='ocrx_word' id='word_1_87' title='bbox 540 1285 610 1332; x_wconf 81' lang='lat' dir='ltr'>eret.</span> <span class='ocrx_word' id='word_1_88' title='bbox 629 1280 758 1332; x_wconf 86' lang='lat' dir='ltr'>Tertium</span> <span class='ocrx_word' id='word_1_89' title='bbox 771 1297 870 1349; x_wconf 88' lang='lat' dir='ltr'>genus,</span> 
     </span>
     <span class='ocr_line' id='line_1_19' title="bbox 304 1348 870 1419; baseline 0.002 -18"><span class='ocrx_word' id='word_1_90' title='bbox 304 1350 339 1403; x_wconf 83' lang='lat' dir='ltr'>ab</span> <span class='ocrx_word' id='word_1_91' title='bbox 348 1348 422 1402; x_wconf 83' lang='lat' dir='ltr'>Dira</span> <span class='ocrx_word' id='word_1_92' title='bbox 435 1350 568 1412; x_wconf 79' lang='lat' dir='ltr'>Caesare,</span> <span class='ocrx_word' id='word_1_93' title='bbox 579 1357 644 1416; x_wconf 85' lang='lat' dir='ltr'>post</span> <span class='ocrx_word' id='word_1_94' title='bbox 654 1349 870 1419; x_wconf 76' lang='lat' dir='ltr'>devictosPomp</span> 
     </span>
     <span class='ocr_line' id='line_1_20' title="bbox 303 1418 867 1486; baseline 0.007 -16"><span class='ocrx_word' id='word_1_95' title='bbox 303 1418 378 1471; x_wconf 89' lang='lat' dir='ltr'>iecti.</span> <span class='ocrx_word' id='word_1_96' title='bbox 416 1418 497 1472; x_wconf 90' lang='lat' dir='ltr'>Nunc</span> <span class='ocrx_word' id='word_1_97' title='bbox 506 1419 534 1470; x_wconf 92' lang='lat' dir='ltr'>in</span> <span class='ocrx_word' id='word_1_98' title='bbox 547 1432 649 1486; x_wconf 88' lang='lat' dir='ltr'>corpus</span> <span class='ocrx_word' id='word_1_99' title='bbox 658 1435 743 1470; x_wconf 85' lang='lat' dir='ltr'>unum</span> <span class='ocrx_word' id='word_1_100' title='bbox 755 1420 867 1474; x_wconf 82' lang='lat' dir='ltr'>confusi</span> 
     </span>
     <span class='ocr_line' id='line_1_21' title="bbox 303 1488 867 1557; baseline 0.002 -15"><span class='ocrx_word' id='word_1_101' title='bbox 303 1489 347 1542; x_wconf 88' lang='lat' dir='ltr'>nis</span> <span class='ocrx_word' id='word_1_102' title='bbox 358 1488 444 1557; x_wconf 89' lang='lat' dir='ltr'>prius,</span> <span class='ocrx_word' id='word_1_103' title='bbox 458 1497 601 1557; x_wconf 82' lang='lat' dir='ltr'>postremo</span> <span class='ocrx_word' id='word_1_104' title='bbox 613 1488 762 1542; x_wconf 85' lang='lat' dir='ltr'>etGraecis</span> <span class='ocrx_word' id='word_1_105' title='bbox 773 1491 801 1541; x_wconf 90' lang='lat' dir='ltr'>in</span> <span class='ocrx_word' id='word_1_106' title='bbox 813 1493 867 1543; x_wconf 89' lang='lat' dir='ltr'>civi</span> 
     </span>
     <span class='ocr_line' id='line_1_22' title="bbox 306 1560 870 1627; baseline 0.005 -16"><span class='ocrx_word' id='word_1_107' title='bbox 306 1561 412 1612; x_wconf 82' lang='lat' dir='ltr'>ascitis.</span> <span class='ocrx_word' id='word_1_108' title='bbox 448 1561 615 1622; x_wconf 84' lang='lat' dir='ltr'>Miraretur,</span> <span class='ocrx_word' id='word_1_109' title='bbox 638 1560 755 1627; x_wconf 87' lang='lat' dir='ltr'>quitum</span> <span class='ocrx_word' id='word_1_110' title='bbox 770 1577 870 1614; x_wconf 80' lang='lat' dir='ltr'>cernen</span> 
     </span>
     <span class='ocr_line' id='line_1_23' title="bbox 304 1630 870 1698; baseline 0.002 -17"><span class='ocrx_word' id='word_1_111' title='bbox 304 1631 340 1681; x_wconf 88' lang='lat' dir='ltr'>ab</span> <span class='ocrx_word' id='word_1_112' title='bbox 353 1632 444 1682; x_wconf 85' lang='lat' dir='ltr'>altera</span> <span class='ocrx_word' id='word_1_113' title='bbox 456 1637 544 1698; x_wconf 87' lang='lat' dir='ltr'>parte,</span> <span class='ocrx_word' id='word_1_114' title='bbox 557 1630 591 1682; x_wconf 91' lang='lat' dir='ltr'>ab</span> <span class='ocrx_word' id='word_1_115' title='bbox 604 1630 694 1682; x_wconf 81' lang='lat' dir='ltr'>altera</span> <span class='ocrx_word' id='word_1_116' title='bbox 704 1631 849 1698; x_wconf 81' lang='lat' dir='ltr'>Hispanis,</span> <span class='ocrx_word' id='word_1_117' title='bbox 861 1640 870 1683; x_wconf 87' lang='lat' dir='ltr'>t</span> 
     </span>
     <span class='ocr_line' id='line_1_24' title="bbox 304 1701 870 1767; baseline 0.002 -14"><span class='ocrx_word' id='word_1_118' title='bbox 304 1701 410 1753; x_wconf 89' lang='lat' dir='ltr'>liccsae</span> <span class='ocrx_word' id='word_1_119' title='bbox 421 1701 506 1767; x_wconf 86' lang='lat' dir='ltr'>genti,</span> <span class='ocrx_word' id='word_1_120' title='bbox 514 1701 647 1762; x_wconf 84' lang='lat' dir='ltr'>obiectos,</span> <span class='ocrx_word' id='word_1_121' title='bbox 660 1715 729 1766; x_wconf 88' lang='lat' dir='ltr'>quae</span> <span class='ocrx_word' id='word_1_122' title='bbox 742 1717 787 1753; x_wconf 86' lang='lat' dir='ltr'>res</span> <span class='ocrx_word' id='word_1_123' title='bbox 801 1718 849 1754; x_wconf 88' lang='lat' dir='ltr'>eos</span> <span class='ocrx_word' id='word_1_124' title='bbox 861 1710 870 1753; x_wconf 84' lang='lat' dir='ltr'>t</span> 
     </span>
     <span class='ocr_line' id='line_1_25' title="bbox 304 1770 862 1840; baseline 0.005 -21"><span class='ocrx_word' id='word_1_125' title='bbox 304 1770 384 1837; x_wconf 82' lang='lat' dir='ltr'>plina</span> <span class='ocrx_word' id='word_1_126' title='bbox 394 1776 456 1821; x_wconf 82' lang='lat' dir='ltr'>eret</span> <span class='ocrx_word' id='word_1_127' title='bbox 468 1777 562 1821; x_wconf 87' lang='lat' dir='ltr'>custos</span> <span class='ocrx_word' id='word_1_128' title='bbox 573 1772 759 1834; x_wconf 86' lang='lat' dir='ltr'>infirmitatis,</span> <span class='ocrx_word' id='word_1_129' title='bbox 782 1789 862 1840; x_wconf 79' lang='lat' dir='ltr'>quani</span> 
     </span>
     <span class='ocr_line' id='line_1_26' title="bbox 306 1839 866 1906; baseline 0.004 -16"><span class='ocrx_word' id='word_1_130' title='bbox 306 1839 413 1906; x_wconf 88' lang='lat' dir='ltr'>optime</span> <span class='ocrx_word' id='word_1_131' title='bbox 424 1840 511 1890; x_wconf 84' lang='lat' dir='ltr'>tinror</span> <span class='ocrx_word' id='word_1_132' title='bbox 522 1841 655 1890; x_wconf 87' lang='lat' dir='ltr'>continet.</span> <span class='ocrx_word' id='word_1_133' title='bbox 667 1839 780 1892; x_wconf 85' lang='lat' dir='ltr'>Partem</span> <span class='ocrx_word' id='word_1_134' title='bbox 793 1843 866 1892; x_wconf 79' lang='lat' dir='ltr'>inuri</span> 
     </span>
     <span class='ocr_line' id='line_1_27' title="bbox 306 1908 870 1977; baseline 0.002 -15"><span class='ocrx_word' id='word_1_135' title='bbox 306 1910 419 1977; x_wconf 81' lang='lat' dir='ltr'>egregie</span> <span class='ocrx_word' id='word_1_136' title='bbox 431 1910 566 1960; x_wconf 83' lang='lat' dir='ltr'>munitam</span> <span class='ocrx_word' id='word_1_137' title='bbox 578 1908 789 1973; x_wconf 85' lang='lat' dir='ltr'>habebant‚una</span> <span class='ocrx_word' id='word_1_138' title='bbox 798 1918 870 1963; x_wconf 76' lang='lat' dir='ltr'>tanti</span> 
     </span>
     <span class='ocr_line' id='line_1_28' title="bbox 305 1979 868 2046; baseline 0.005 -16"><span class='ocrx_word' id='word_1_139' title='bbox 305 1993 369 2030; x_wconf 85' lang='lat' dir='ltr'>nem</span> <span class='ocrx_word' id='word_1_140' title='bbox 390 1984 474 2046; x_wconf 85' lang='lat' dir='ltr'>porta</span> <span class='ocrx_word' id='word_1_141' title='bbox 489 1979 635 2046; x_wconf 83' lang='lat' dir='ltr'>impositu:</span> <span class='ocrx_word' id='word_1_142' title='bbox 660 1981 739 2032; x_wconf 87' lang='lat' dir='ltr'>cuius</span> <span class='ocrx_word' id='word_1_143' title='bbox 754 1982 868 2033; x_wconf 86' lang='lat' dir='ltr'>assiduu</span> 
     </span>
     <span class='ocr_line' id='line_1_29' title="bbox 306 2049 870 2115; baseline 0.005 -14"><span class='ocrx_word' id='word_1_144' title='bbox 306 2049 408 2115; x_wconf 86' lang='lat' dir='ltr'>aliquis</span> <span class='ocrx_word' id='word_1_145' title='bbox 420 2064 454 2101; x_wconf 84' lang='lat' dir='ltr'>ex</span> <span class='ocrx_word' id='word_1_146' title='bbox 465 2050 680 2115; x_wconf 78' lang='lat' dir='ltr'>magistratibus</span> <span class='ocrx_word' id='word_1_147' title='bbox 692 2058 761 2104; x_wconf 82' lang='lat' dir='ltr'>erat.</span> <span class='ocrx_word' id='word_1_148' title='bbox 798 2051 870 2104; x_wconf 88' lang='lat' dir='ltr'>Noet</span> 
     </span>
     <span class='ocr_line' id='line_1_30' title="bbox 307 2119 868 2188; baseline 0.007 -18"><span class='ocrx_word' id='word_1_149' title='bbox 307 2123 381 2171; x_wconf 80' lang='lat' dir='ltr'>rium</span> <span class='ocrx_word' id='word_1_150' title='bbox 392 2119 421 2170; x_wconf 89' lang='lat' dir='ltr'>in</span> <span class='ocrx_word' id='word_1_151' title='bbox 432 2119 518 2171; x_wconf 88' lang='lat' dir='ltr'>muris</span> <span class='ocrx_word' id='word_1_152' title='bbox 531 2121 720 2173; x_wconf 79' lang='lat' dir='ltr'>excubabant:</span> <span class='ocrx_word' id='word_1_153' title='bbox 741 2138 830 2188; x_wconf 88' lang='lat' dir='ltr'>neque</span> <span class='ocrx_word' id='word_1_154' title='bbox 841 2140 868 2174; x_wconf 90' lang='lat' dir='ltr'>m</span> 
     </span>
     <span class='ocr_line' id='line_1_31' title="bbox 306 2190 868 2259; baseline 0.005 -17"><span class='ocrx_word' id='word_1_155' title='bbox 306 2190 378 2259; x_wconf 79' lang='lat' dir='ltr'>legis</span> <span class='ocrx_word' id='word_1_156' title='bbox 391 2206 487 2253; x_wconf 86' lang='lat' dir='ltr'>eausa,</span> <span class='ocrx_word' id='word_1_157' title='bbox 500 2191 562 2253; x_wconf 89' lang='lat' dir='ltr'>sed,</span> <span class='ocrx_word' id='word_1_158' title='bbox 580 2198 685 2259; x_wconf 84' lang='lat' dir='ltr'>quanta</span> <span class='ocrx_word' id='word_1_159' title='bbox 696 2194 721 2244; x_wconf 88' lang='lat' dir='ltr'>si</span> <span class='ocrx_word' id='word_1_160' title='bbox 732 2191 821 2244; x_wconf 90' lang='lat' dir='ltr'>hastis</span> <span class='ocrx_word' id='word_1_161' title='bbox 834 2194 868 2245; x_wconf 87' lang='lat' dir='ltr'>ad</span> 
     </span>
     <span class='ocr_line' id='line_1_32' title="bbox 308 2262 870 2329; baseline 0.004 -16"><span class='ocrx_word' id='word_1_162' title='bbox 308 2263 459 2313; x_wconf 77' lang='lat' dir='ltr'>serr-ebant</span> <span class='ocrx_word' id='word_1_163' title='bbox 471 2262 599 2329; x_wconf 68' lang='lat' dir='ltr'>vigilias,</span> <span class='ocrx_word' id='word_1_164' title='bbox 613 2270 641 2314; x_wconf 89' lang='lat' dir='ltr'>et</span> <span class='ocrx_word' id='word_1_165' title='bbox 654 2264 852 2326; x_wconf 85' lang='lat' dir='ltr'>circumibant,</span> <span class='ocrx_word' id='word_1_166' title='bbox 863 2283 870 2315; x_wconf 86' lang='lat'><strong>‹</strong></span> 
     </span>
     <span class='ocr_line' id='line_1_33' title="bbox 307 2332 865 2399; baseline 0.005 -17"><span class='ocrx_word' id='word_1_167' title='bbox 307 2332 443 2384; x_wconf 84' lang='lat' dir='ltr'>neminem</span> <span class='ocrx_word' id='word_1_168' title='bbox 454 2332 483 2383; x_wconf 92' lang='lat' dir='ltr'>in</span> <span class='ocrx_word' id='word_1_169' title='bbox 493 2334 590 2384; x_wconf 82' lang='lat' dir='ltr'>urbem</span> <span class='ocrx_word' id='word_1_170' title='bbox 607 2334 786 2399; x_wconf 84' lang='lat' dir='ltr'>recipiebant.</span> <span class='ocrx_word' id='word_1_171' title='bbox 824 2335 865 2385; x_wconf 88' lang='lat' dir='ltr'>Ne</span> 
     </span>
     <span class='ocr_line' id='line_1_34' title="bbox 308 2402 870 2470; baseline 0.004 -17"><span class='ocrx_word' id='word_1_172' title='bbox 308 2419 385 2455; x_wconf 83' lang='lat' dir='ltr'>mere</span> <span class='ocrx_word' id='word_1_173' title='bbox 406 2402 474 2455; x_wconf 91' lang='lat' dir='ltr'>urhe</span> <span class='ocrx_word' id='word_1_174' title='bbox 496 2403 681 2454; x_wconf 86' lang='lat' dir='ltr'>excedebant:</span> <span class='ocrx_word' id='word_1_175' title='bbox 701 2405 737 2455; x_wconf 85' lang='lat' dir='ltr'>ad</span> <span class='ocrx_word' id='word_1_176' title='bbox 757 2419 833 2455; x_wconf 87' lang='lat' dir='ltr'>mare</span> <span class='ocrx_word' id='word_1_177' title='bbox 854 2419 870 2470; x_wconf 95' lang='lat' dir='ltr'>p</span> 
     </span>
     <span class='ocr_line' id='line_1_35' title="bbox 308 2472 870 2541; baseline 0.002 -17"><span class='ocrx_word' id='word_1_178' title='bbox 308 2474 407 2525; x_wconf 75' lang='lat' dir='ltr'>exitus.</span> <span class='ocrx_word' id='word_1_179' title='bbox 443 2472 531 2524; x_wconf 87' lang='lat' dir='ltr'>Porta</span> <span class='ocrx_word' id='word_1_180' title='bbox 546 2473 582 2524; x_wconf 88' lang='lat' dir='ltr'>ad</span> <span class='ocrx_word' id='word_1_181' title='bbox 592 2474 782 2540; x_wconf 82' lang='lat' dir='ltr'>Hispanorum</span> <span class='ocrx_word' id='word_1_182' title='bbox 800 2476 870 2541; x_wconf 44' lang='lat' dir='ltr'>appi*</span> 
     </span>
     <span class='ocr_line' id='line_1_36' title="bbox 298 2543 870 2615; baseline 0 -22"><span class='ocrx_word' id='word_1_183' title='bbox 298 2557 383 2607; x_wconf 80' lang='lat' dir='ltr'>quam</span> <span class='ocrx_word' id='word_1_184' title='bbox 396 2543 453 2597; x_wconf 89' lang='lat' dir='ltr'>nisi</span> <span class='ocrx_word' id='word_1_185' title='bbox 464 2545 639 2615; x_wconf 82' lang='lat' dir='ltr'>frequentes,</span> <span class='ocrx_word' id='word_1_186' title='bbox 648 2560 715 2613; x_wconf 78' lang='lat' dir='ltr'>pars</span> <span class='ocrx_word' id='word_1_187' title='bbox 724 2545 870 2596; x_wconf 78' lang='lat' dir='ltr'>tertiuien</span> 
     </span>
    </p>

    <p class='ocr_par' dir='ltr' id='par_1_4' title="bbox 282 2616 870 2689">
     <span class='ocr_line' id='line_1_37' title="bbox 282 2616 870 2689; baseline -0.003 -20"><span class='ocrx_word' id='word_1_188' title='bbox 282 2623 376 2670; x_wconf 77' lang='lat' dir='ltr'>nocte</span> <span class='ocrx_word' id='word_1_189' title='bbox 390 2617 517 2689; x_wconf 83' lang='lat' dir='ltr'>rigiiiae</span> <span class='ocrx_word' id='word_1_190' title='bbox 528 2619 559 2673; x_wconf 89' lang='lat' dir='ltr'>in</span> <span class='ocrx_word' id='word_1_191' title='bbox 570 2619 665 2675; x_wconf 80' lang='lat' dir='ltr'>muris</span> <span class='ocrx_word' id='word_1_192' title='bbox 677 2616 811 2681; x_wconf 82' lang='lat' dir='ltr'>inerunt,</span> <span class='ocrx_word' id='word_1_193' title='bbox 821 2627 870 2680; x_wconf 59' lang='lat' dir='ltr'>eur</span> 
     </span>
    </p>
   </div>
   <div class='ocr_carea' id='block_1_3' title="bbox 0 0 929 2954">
    <p class='ocr_par' dir='ltr' id='par_1_5' title="bbox 0 0 929 2954">
     <span class='ocr_line' id='line_1_38' title="bbox 0 0 929 2954; baseline 0 0"><span class='ocrx_word' id='word_1_194' title='bbox 0 0 929 2954; x_wconf 95' lang='lat' dir='ltr'> </span> 
     </span>
    </p>
   </div>
  </div>
 </body>
</html>
