1838 2954
26 123 237 181 mxxxvnr.
248 120 680 197 css.2i.[u.0.565.n.c.189.]
707 126 759 186 395

23 246 124 300 parum
134 231 202 293 leta,
212 234 241 282 ct
252 245 285 283 ee
294 233 355 297 ipsa
364 230 457 298 planu,
469 232 542 284 male
554 232 687 301 tegebant
693 231 760 286 Gal·

39 300 101 353 Nec
118 300 173 352 iam
192 300 250 351 tela
267 300 487 365 eliahcbebant,
511 308 623 368 prester
635 302 757 370 gladiose
790 325 792 329 ¹

23 386 86 434 um,
107 385 189 438 quum
199 380 320 421 'manum
336 370 426 422 hostis
438 386 493 422 non
506 376 680 436 consereret,
699 372 759 423 nul-

23 456 73 493 sus
84 447 153 493 erat.
182 438 271 503 Saxis,
290 456 341 493 neo
351 441 478 504 modieis,
489 447 520 492 ut
533 457 604 509 quae
614 457 669 495 non
679 457 760 510 pree·

23 515 109 572 ssent,
119 508 169 562 sed
179 510 253 578 quod
264 510 362 578 cuique
372 517 478 564 temere
489 513 643 580 trepidanti
654 513 690 565 ed
700 527 758 564 ma·

28 579 166 644 venisset,
186 586 218 631 ut
229 580 348 642 insueti,
367 596 419 633 nec
434 587 494 633 arte
503 596 554 635 nee
564 583 670 635 viribus
681 581 760 635 ediu-

23 650 162 714 nictum,
183 652 340 703 utebantur.
378 649 508 719 Sagittis,
524 652 636 721 glande,
657 651 758 704 iaculis

23 720 62 773 uti
72 722 107 773 ab
118 721 195 773 omni
205 728 286 789 parte
297 722 519 790 configebantur:
539 738 599 786 nee,
618 720 686 790 quid
695 737 759 791 ege·

41 790 88 842 irn
99 796 127 842 et
137 805 241 858 pavore
254 791 409 844 occaecatis
419 792 528 856 animis,
547 794 710 846 cernebant:
729 796 760 844 et

23 871 34 911 r
53 859 218 927 deprehensi
236 876 337 930 genere
355 877 479 931 pugnae,
499 862 529 914 in
550 863 625 930 quod
643 861 759 913 minime

25 935 100 983 eunt.
136 930 207 983 Num
220 931 449 998 quemadmodum
462 932 602 994 cominus,
621 932 669 983 ubi
681 934 709 982 in
720 930 760 982 vi·

23 999 760 1067 patietinfcrrevulneralicet,seccenditireanimos

23 1085 66 1134 m3
89 1069 141 1134 ita,
160 1070 210 1121 ubi
226 1087 261 1123 ex
279 1072 389 1125 occulto
409 1078 438 1125 et
456 1071 555 1139 procul
570 1069 678 1122 levibns
694 1068 760 1121 telis

23 1144 152 1204 crentur,
172 1156 237 1204 nec,
255 1155 309 1208 quo
320 1147 403 1192 ruent
414 1155 498 1193 caeco
510 1140 625 1206 impetu,
646 1136 761 1198 hebent,

23 1208 120 1262 iserae
129 1210 280 1263 transfixae
290 1211 320 1261 in
331 1225 396 1262 suos
408 1215 513 1263 temere
524 1210 677 1260 incurrunt.
707 1204 763 1257 De·

23 1280 70 1330 bat
80 1279 194 1333 vulnero
204 1295 319 1346 corum,
335 1278 412 1349 quod
423 1278 491 1327 nudi
500 1280 639 1344 pugnant,
658 1280 687 1329 ei
698 1279 763 1326 sunt

36 1354 67 1400 et
85 1349 203 1401 eandida
219 1362 351 1414 corpore,
370 1350 402 1397 ut
413 1360 482 1412 qnae
493 1362 645 1413 nunquam,
665 1345 722 1400 nisi
731 1343 763 1396 in

23 1434 58 1481 ra,
69 1419 218 1472 nudentur:
235 1420 276 1469 ita
286 1423 313 1469 et
324 1415 386 1482 plus
397 1415 539 1483 sanguinis
551 1432 566 1469 c
576 1415 666 1468 multe
677 1429 762 1468 carne

25 1488 135 1552 ebatur,
146 1494 175 1541 et
185 1486 326 1540 foediores
336 1487 471 1551 patebant
482 1486 598 1553 plagae,
617 1490 646 1537 et
657 1484 762 1537 candor

25 1572 107 1610 orum
125 1558 216 1625 magis
234 1556 368 1624 sanguine
387 1561 449 1607 otro
466 1556 667 1608 maculabatur.
704 1553 761 1608 Sed

28 1633 89 1679 tam
107 1627 266 1695 patentibus
277 1625 369 1693 plagis
388 1631 546 1677 moventur:
567 1625 709 1677 interdum
719 1625 760 1675 in·

23 1702 118 1759 acute,
133 1698 180 1748 ubi
193 1696 288 1758 latior,
305 1710 387 1762 quam
401 1694 495 1759 altior,
510 1694 594 1762 plaga
605 1699 656 1758 eet,
675 1695 760 1747 etiam

23 1764 108 1817 iosius
118 1782 149 1818 se
160 1779 283 1830 pugnare
295 1769 404 1831 putant.
441 1764 539 1828 lidem,
551 1779 635 1832 quum
646 1763 760 1816 aculeus

23 1841 78 1887 :tae
90 1840 138 1887 eut
150 1832 269 1900 glandis,
281 1834 396 1887 obditae
406 1837 551 1898 introrsus,
557 1835 637 1885 tenui
645 1833 761 1887 vulnere

23 1905 116 1957 ‚eciem
127 1904 198 1966 urit,
221 1910 251 1956 et
262 1909 436 1968 scrutantes,
452 1920 506 1972 qne
516 1904 651 1966 evellant,
672 1904 761 1955 telum

23 1973 160 2040 sequitur3
171 1979 240 2037 tum,
249 1973 279 2025 in
289 1975 396 2027 rabiem
409 1979 436 2027 et
445 1973 579 2040 pudorem
589 1979 647 2024 tam
658 1988 761 2041 parvae

23 2043 119 2094 mentis
137 2044 225 2111 pestis
242 2047 330 2106 versi,
352 2048 534 2111 prosternunt
545 2057 665 2110 corpora
674 2042 759 2105 humi,

23 2113 141 2179 :passim
153 2113 375 2180 procumberent.
401 2112 467 2175 Alii,
478 2118 590 2164 ruentes
600 2113 630 2165 in
640 2110 759 2175 hostem,

24 2198 76 2255 que
86 2183 306 2251 configebantur:
328 2190 364 2245 et,
383 2197 467 2248 quum
480 2184 605 2234 cominus
616 2188 759 2239 venerant,

23 2252 58 2302 iis
73 2266 90 2303 a
106 2252 236 2305 velitibus
251 2252 474 2304 trucidabantur.
509 2253 566 2304 llic
582 2252 663 2303 miles
674 2250 758 2314 tripe-

23 2336 46 2372 m
62 2335 187 2387 parmam
208 2321 306 2383 babet,
327 2327 355 2373 et
370 2322 400 2372 in
416 2320 637 2382 dextruhuetum
659 2318 757 2386 quibus

23 2405 60 2441 rue
71 2391 169 2444 utitur.
189 2391 292 2443 Gladio
305 2390 486 2456 Hispaniensi
498 2396 540 2442 est
552 2391 673 2441 cinctus:
685 2384 758 2453 qnod

26 2458 61 2512 de
72 2460 177 2512 collato
188 2459 365 2528 pugnandum
379 2465 434 2523 est,
454 2458 599 2511 translatis
609 2458 639 2508 in
649 2457 756 2508 luerem

23 2529 53 2592 lt,
63 2530 174 2598 stringit
182 2530 321 2600 gladium.
354 2520 778 2596 Ponsnsoperemmxmeo-

23 2613 49 2648 ¹¹·
86 2601 152 2663 Qffl's
175 2607 334 2673 pvttquam
355 2603 392 2658 nb
400 2602 467 2657 leui
476 2587 808 2652 armaburnannmm

23 2665 124 2736 lerunt,
148 2677 180 2727 ot
192 2672 309 2733 instare
327 2669 622 2750 legionensium
641 2641 833 2708 imm&
