1838 2954
63 268 103 323 ⁸2
217 272 253 325 'l'.·
269 266 379 323 lerll
396 259 481 331 ΠΜ.
492 255 718 331 ⁵54.A.0.19a]

66 374 119 445 qu
128 370 341 431 murus
349 363 574 427 humaneque
584 361 659 413 enim
670 376 752 429 peres
762 378 791 418 e

66 440 282 513 „pm-„mn
297 432 348 501 (ul
362 430 438 483 idem
458 428 795 497 quodbisecdouessenn

66 510 170 565 „du
180 499 533 563 dimetlsMeeedonibus,
543 514 613 562 esso,
625 516 696 567 quos
708 518 743 554 ne
752 502 795 555 R·

189 570 226 625 sd
235 566 397 623 corinthum
408 568 617 631 sustinuissent)
630 570 721 637 primo
732 570 792 627 nili

183 638 321 707 accipens
333 639 435 691 moritu
445 645 512 706 post
522 638 631 706 paullo,¹
639 642 795 708 utnrgivos

130 715 254 775 unetos
264 722 300 761 cx
308 714 389 775 parte
399 710 490 761 ultera
498 710 640 762 venientes
651 724 754 779 magno
763 725 795 779 ag

72 844 75 849 Ι
115 786 206 843 σιω,
215 782 320 831 certam
331 778 483 845 perniciem
493 784 647 842 cernentes,
659 794 768 833 omnem
778 786 795 831 t

66 864 171 915 mn,
180 848 206 901 si
235 847 386 900 ertiuncior
397 848 453 901 ‹lux
463 847 578 909 arnust,
587 847 757 903 videbantur
769 864 795 900 su

65 920 105 983 rb
117 862 324 983 nuntiemus,
333 934 369 970 ne
377 916 430 971 llos
439 915 613 971 Achaeorum
624 918 795 971 iuventutisr

66 987 209 1051 anarbo
218 987 396 1041 emitteretur
402 1008 420 1053 ,·
427 994 525 1057 pactus
535 1002 597 1039 cum
609 985 744 1052 Philocle,
754 994 786 1041 ut

64 1058 123 1127 iilis
132 1054 375 1127 liceretipse,quo
386 1058 450 1110 loeo
461 1063 582 1111 steterat
591 1063 794 1120 mmntnacum

66 1124 263 1185 tinnientibus
282 1126 338 1181 non
349 1127 479 1182 excessit.
514 1128 619 1179 Missus
635 1142 653 1180 a
666 1125 793 1181 Philocle

66 1202 221 1269 numeret,
232 1197 298 1266 quid
309 1198 363 1250 sibi
372 1197 478 1251 velleii
492 1196 564 1249 nihil
573 1197 658 1258 fatus,
669 1203 795 1249 tantumn

86 1280 152 1319 uum
163 1269 290 1333 proiecte
302 1284 370 1337 prae
381 1285 412 1321 se
423 1269 514 1334 clipeo
527 1266 664 1329 staret‚in
670 1267 796 1334 praesidi

85 1336 143 1391 itae
153 1338 229 1390 urbis
239 1340 403 1391 meritarum
415 1355 442 1389 se
453 1347 601 1398 armatum,
613 1336 766 1402 respondit.

65 1407 144 1459 iussa
153 1408 291 1472 praefecti
302 1425 319 1459 a
329 1407 484 1459 Thracibus
496 1406 621 1458 coniecta
637 1406 706 1470 tela,
721 1407 795 1459 inter

66 1490 119 1545 que
131 1490 235 1528 omncs.
266 1477 303 1528 Et
314 1484 378 1542 post
389 1484 501 1543 pactam
513 1479 586 1529 inter
597 1474 724 1528 Achaeos
737 1478 795 1528 etli

65 1559 116 1597 uos
127 1545 290 1598 societatem
309 1546 380 1599 duae
392 1547 583 1598 nobilissimae
599 1547 743 1608 civitates,
764 1548 795 1597 Ar

66 1613 226 1680 corinthus,
235 1617 264 1667 in
274 1622 415 1682 potestate
425 1619 499 1684 regis
512 1623 600 1669 erant.
631 1617 712 1668 Haec
723 1631 758 1669 ea
768 1631 795 1669 as

65 1684 101 1735 ab
111 1684 243 1735 Romanis
254 1687 283 1734 in
296 1687 415 1734 Graecia
424 1693 499 1732 terra
511 1688 635 1749 murique
646 1696 734 1748 gestu.

120 1751 222 1806 XXVl.
244 1754 276 1804 ln
289 1751 386 1804 Gallia
397 1750 468 1802 nihil
485 1766 552 1803 sane
562 1751 745 1804 memorabile
768 1755 795 1806 al

67 1823 147 1875 Aelio
159 1824 270 1874 consule
282 1830 401 1890 gestum.
439 1821 529 1883 Quum
541 1821 611 1873 duos
624 1822 765 1873 exercitus
775 1824 795 1874 ir

37 1936 42 1946 .
67 1893 160 1944 vincia
171 1891 321 1954 habuisset,
333 1908 418 1942 unum
428 1897 575 1953 retentum,
586 1906 666 1958 quem
679 1891 786 1943 dimitti

69 1961 167 2023 tabat,
186 1961 231 2011 cui
243 1961 276 2012 L.
289 1963 434 2013 Cornelius
451 1961 598 2026 proconsul
619 1961 795 2028 praefuerat,

68 2031 95 2082 ei
106 2032 135 2081 C.
143 2029 275 2080 Helvium
287 2037 443 2094 praetorem
455 2031 602 2095 pracfecit)
613 2030 744 2093 alterum,
756 2049 793 2100 qu

67 2098 239 2167 provinciam
252 2096 386 2162 adduxit3
397 2104 487 2149 totum
499 2112 586 2165 prope
598 2116 698 2150 annum
712 2103 795 2154 crem

70 2169 145 2220 sibus
156 2167 383 2232 Placentinisque
393 2169 525 2233 cogendis
537 2170 629 2220 redire
640 2170 670 2219 in
682 2171 796 2222 colonia

70 2237 185 2290 debelii
198 2236 308 2286 casibus
322 2237 454 2304 dissipati
464 2246 552 2302 erant,
563 2239 743 2305 consumpsit.
781 2240 796 2291 t

70 2305 218 2358 admodum
230 2305 323 2357 Galba
334 2315 445 2373 praeter
465 2323 541 2373 spem
570 2308 664 2374 quieta
686 2325 719 2360 eo
731 2325 796 2361 anu(

69 2377 110 2428 ita
120 2378 195 2427 circa
204 2375 301 2426 urbem
312 2379 421 2429 servilis
432 2392 517 2443 prope
528 2379 664 2428 tumultus
676 2379 796 2430 excitati

71 2446 190 2498 Obsides
213 2445 485 2513 Carthaginiensium
513 2447 606 2499 Setiae
638 2449 796 2502 custodiebt

72 2517 201 2578 cuniis,
223 2522 254 2566 ut
265 2518 419 2583 principum
432 2516 544 2580 liberis,
566 2533 669 2584 magna
683 2518 725 2569 vis
736 2534 796 2571 sert

72 2591 142 2637 erat.
172 2588 319 2652 augebunt
330 2602 424 2637 eorum
437 2600 588 2649 annuorum,
599 2594 632 2637 ut
643 2589 677 2638 ab
688 2590 796 2640 recenti

73 2671 105 2705 co
117 2656 202 2716 bello,
225 2663 253 2706 et
265 2659 297 2707 ab
310 2658 378 2722 ipsis
391 2656 494 2706 Setinis
511 2657 620 2722 captiva
631 2657 738 2723 aliquot
757 2676 795 2711 na

72 2725 133 2776 eius
146 2742 180 2777 eu
199 2727 302 2790 praeda
313 2733 405 2790 empta
420 2727 563 2791 silancipia.
602 2728 692 2787 Quum
714 2731 795 2781 conia

56 2807 124 2840 nem
135 2796 283 2861 fecissent,
306 2797 400 2849 nrissis
425 2813 458 2850 cu
477 2815 511 2851 co
523 2814 651 2862 rrunrero,
672 2799 722 2864 nui
735 2800 771 2849 in
787 2800 796 2850 t
