1844 2962
37 46 366 104 „xxxlvesnzeza
378 51 421 119 [U.
430 48 748 144 &wall-Q&

37 151 186 213 istaennm,
207 152 303 204 eadem
316 153 456 205 sententia
472 159 544 217 erat,
564 169 647 221 quum
665 168 750 207 causa

37 235 83 270 rou
98 219 156 270 alia
171 229 259 283 esset,
278 222 341 274 inde
360 224 533 290 potissimum
552 223 751 274 ordiundibel·

43 289 177 351 Quinctio
188 290 217 342 id
232 306 404 360 nequaquam
415 293 553 358 placebat,
565 293 615 345 scd
626 293 749 344 Aristae-

40 361 275 411 cuntraomnium
293 378 454 413 consensum
472 361 665 424 disserentem,
686 377 748 413 cum

37 426 123 478 dubia
144 429 347 495 approbatione
367 430 492 489 audirita
508 437 536 481 et
556 431 615 496 ipse
635 430 748 492 adiecit,

39 497 219 565 praescisis
240 501 368 551 adversm
380 509 526 568 tyrannum
546 499 641 551 bellum
662 516 748 552 susce·

37 567 77 629 u't,
88 536 255 632 quilfrninm
267 567 423 621 conveniam
434 584 497 631 etse,
508 585 587 637 quom
599 567 694 620 omisso
705 567 749 620 leo·

37 651 88 706 gos
97 639 272 706 oppugnari?
288 638 322 689 Se
332 655 394 689 nero
405 647 488 705 caput
500 637 562 690 belli
571 638 750 691 Lacedaemo·

49 714 199 774 tyrotcnum
214 707 378 774 petiturum.
415 708 464 770 Et,
483 707 596 758 dimisso
618 708 747 768 concilio,

37 781 147 826 ntatum
160 775 304 842 expeditas
318 775 446 828 cohortes
456 776 540 828 misit.
553 776 633 838 Quod
645 776 748 828 maturi

37 859 105 905 rea,
128 844 282 895 demessum
299 852 327 897 et
343 852 570 899 conr'ectunnest:
591 846 694 909 uiride,
713 860 748 895 ne

48 926 117 962 mox
129 909 262 965 baberent
268 950 277 977 ,
293 914 440 980 protritum
452 921 480 965 et
492 920 661 979 corruptum.
698 915 749 965 Ca·

38 980 123 1033 einde
142 983 241 1044 morit,
264 988 299 1045 et,
320 981 471 1033 Parthenio
491 988 624 1049 superato
646 987 749 1043 monte,

39 1067 54 1102 r
71 1051 195 1116 Tegeam
211 1052 296 1103 tertio
313 1052 358 1102 die
375 1050 410 1101 ad
421 1052 527 1118 Caryas
537 1051 632 1116 posuit
648 1055 748 1100 castra.

36 1120 180 1186 riusquam
196 1119 317 1172 bostium
334 1123 454 1170 intraret
474 1135 585 1186 agrum,
607 1119 748 1170 sociorum

37 1191 242 1256 texspectarit.
259 1192 402 1244 Venerunt
414 1189 579 1241 Macedones
590 1187 747 1256 al’bilippo

37 1263 60 1311 et
72 1260 227 1326 quingenti,
248 1266 277 1311 et
288 1259 486 1311 Thessalorum
499 1261 606 1326 equites
618 1258 748 1325 quadrin-

64 1328 125 1381 Nec
136 1331 190 1379 iam
208 1329 328 1391 auxilia,
350 1344 465 1395 quorum
481 1328 587 1380 affatim
605 1334 677 1391 erat,
695 1326 747 1380 sed

37 1403 115 1450 catus
131 1399 256 1449 finitimis
277 1399 393 1449 urbibus
414 1398 545 1464 imperati
566 1399 748 1449 morabantur

37 1482 108 1520 num.
145 1466 266 1519 Narales
278 1483 385 1535 quoque
398 1482 516 1535 magnae
536 1466 632 1532 copiae
649 1479 747 1516 conre-

37 1543 64 1589 lt.
101 1537 160 1588 lam
172 1538 207 1587 ab
217 1536 346 1589 Leucade
357 1536 389 1588 L.
402 1534 550 1598 Quinctius
561 1534 747 1602 quadraginta

37 1622 58 1656 rs
69 1613 196 1658 venerat:
217 1607 272 1656 iam
284 1604 410 1656 Rhodiae
422 1605 517 1656 deceni
529 1611 558 1655 ct
574 1610 638 1654 octo
654 1609 746 1655 tectae

37 1713 41 1734 ,
62 1677 116 1727 iam
128 1677 264 1727 Eumenes
277 1690 326 1725 rex
338 1675 411 1725 circa
423 1674 560 1741 Cycladas
571 1673 675 1725 insulas
686 1679 746 1725 erut

37 1759 109 1796 eccm
122 1745 203 1796 tectis
215 1744 339 1804 navibus,
351 1745 467 1810 triginta
478 1744 587 1805 lembis,
598 1744 745 1810 mixtisque

37 1813 134 1864 sineris
145 1814 251 1865 formae
266 1813 396 1879 navigiis.
432 1815 556 1880 lpsorum
574 1828 681 1879 quoquc
693 1813 745 1865 La·

37 1883 185 1933 noniorum
197 1882 308 1934 exsules
319 1882 462 1948 permulti,
484 1890 665 1949 tyrannorum
678 1882 748 1932 iniu-

37 1952 81 2014 lsi‚
93 1967 141 2018 spe
152 1952 356 2018 recuperandae
368 1953 476 2018 patriae
488 1953 516 2002 in
529 1951 749 2002 castrallomana

37 2027 141 2073 nerunt.
177 2021 262 2072 lllulti
280 2028 372 2072 autern
391 2029 485 2083 erant,
505 2023 560 2074 iam
578 2037 626 2088 per
641 2021 748 2087 aliquot

39 2106 61 2152 s,
71 2105 106 2142 ex
118 2106 172 2156 quo
186 2091 295 2157 tyranni
307 2088 748 2151 tenebantLacedaemonem,alii

40 2160 64 2210 is
86 2160 167 2225 pulsi.
203 2160 333 2226 Princeps
355 2167 416 2212 erat
435 2162 560 2212 exsulum
584 2157 748 2227 Agesipolis,

37 2229 96 2279 lure
107 2230 198 2296 gentis
210 2244 322 2296 regnum
335 2229 544 2282 Lacedaemone
556 2236 630 2290 erat,
651 2227 747 2293 pulsus

44 2299 79 2351 ab
90 2298 221 2365 Lycurgo
233 2306 352 2366 tyranno
374 2306 438 2366 post
452 2304 571 2351 mortem
581 2296 748 2358 Cleomenis,

37 2369 107 2419 lmus
118 2375 252 2435 tyrannus
263 2369 472 2420 Lacedaemone
485 2368 549 2418 luit.

37 2437 112 2489 lVll.
132 2440 222 2500 Quum
239 2443 313 2489 terra
331 2439 455 2505 marique
476 2445 585 2488 tantum
607 2433 676 2484 belli
697 2433 747 2484 clr-
863 2424 901 2555 'lq

37 2513 96 2558 aret
107 2512 269 2572 tyrannum,
292 2513 319 2557 et
330 2522 417 2573 prope
429 2506 506 2556 nulla
516 2519 578 2570 spcs
594 2509 668 2554 esset
681 2517 748 2553 rere.

37 2576 193 2643 ostiumque
205 2575 462 2643 aestimantium,
481 2578 652 2629 nontamen
662 2571 768 2627 emisit
871 2532 914 2619 xx*

853 2382 873 2395 la·
898 2360 914 2565 Ε

862 2398 878 2419 ιβ
887 2416 897 2429 ΙΙ

857 2438 860 2449 Ι

900 2642 914 2671 μ’
