1838 2954
248 87 320 139 turn,
331 74 397 144 quid
405 72 457 125 sibi
468 69 637 143 faciundum
648 79 729 134 esset,
747 86 777 123 se
787 70 870 127 deliba

247 144 408 204 Antiochus,
420 156 504 209 quum
516 139 699 193 adChalcidis
710 140 870 207 praesidium

247 224 276 270 ot
287 217 439 265 Eumenem
456 225 550 278 regem
570 209 682 261 misisse
704 209 843 273 audisset,
864 228 870 263 ι

247 290 335 346 ratus,
346 287 377 332 ut
388 288 415 333 et
425 280 621 349 praevenirent
631 280 685 345 sui,
696 286 725 332 et
733 280 870 334 venientes

247 353 418 421 exciperent,
439 352 603 419 Menippum
624 365 688 401 euni
710 350 800 402 tribus
822 350 870 403 fen

245 423 379 484 militnm,
402 427 430 474 et
450 436 514 473 cum
537 419 614 472 omni
633 419 723 473 classe
734 418 870 489 Polyxeni

245 495 308 561 lpse
318 505 421 559 paucos
433 498 498 558 post
511 490 569 542 dies
581 504 631 543 sex
646 490 736 541 millia
746 505 862 543 suorum

248 578 282 617 ex
294 577 327 615 ea
340 563 430 630 copia,
442 576 511 628 quae
523 561 640 612 Lamiae
651 566 767 627 repente
779 561 868 631 collig

246 634 288 686 ita
297 633 400 684 multos
412 632 526 684 Aetolos
546 628 630 682 ducit.
666 628 770 682 Achaei
789 632 870 700 quing

246 704 370 755 Eumene
382 716 448 768 rege
458 700 598 753 modicum
609 700 744 752 auxilium
755 700 870 752 missum

249 772 321 825 elide
332 771 523 834 Chalcidensi,
534 768 656 821 nondum
667 771 788 824 obsessis
811 771 870 826 itim

248 842 417 910 transgressi
427 842 577 908 Euripum,
598 839 760 894 Chalcidem
771 856 870 909 persen

248 914 325 969 muni
334 913 452 976 milites,
467 910 612 980 quingenti
621 910 708 965 ferme
718 917 747 964 et
759 911 828 978 ipsi,
838 927 870 980 qu

249 980 870 1052 nippuseastraanteSalganeaadllermaeur

249 1058 306 1107 itus
322 1068 356 1107 ex
367 1052 486 1106 Boeotia
505 1052 536 1104 in
545 1052 690 1104 Euboeam
712 1052 832 1103 insulam
854 1069 870 1107 e

248 1129 390 1177 venerunt.
427 1122 526 1174 Mietio
538 1133 600 1174 erat
611 1136 674 1173 cum
693 1121 748 1184 iis,
770 1122 870 1191 lagatu.

250 1194 287 1245 ad
299 1191 474 1256 Quinctium,
495 1190 532 1243 ad
548 1191 577 1243 id
596 1192 688 1257 ipsum
709 1192 870 1258 praesidiun

250 1262 361 1314 missus.
398 1261 453 1324 Qui
464 1267 612 1328 postquam
623 1261 751 1313 obsessas
767 1261 801 1313 ab
816 1261 869 1314 hos

249 1331 336 1394 vidit,
357 1331 459 1382 omisso
472 1331 509 1383 ad
518 1330 646 1383 Aulidem
656 1331 771 1396 itinere,
785 1332 870 1385 Deliu

250 1407 283 1455 ut
292 1400 358 1454 inde
369 1402 398 1453 in
409 1402 553 1453 Euboeam
565 1401 788 1454 transmissurus.

303 1472 349 1524 Ll.
369 1472 515 1539 Templum
537 1478 580 1523 est
601 1471 736 1537 Apollinis
756 1471 868 1524 Delium

252 1543 337 1594 mari:
360 1544 481 1610 quinque
503 1541 595 1593 millia
616 1557 747 1608 passuum
767 1543 801 1592 ab
819 1545 870 1594 Tan

253 1614 346 1664 lllinus
365 1620 497 1679 quattuor
511 1611 629 1662 millium
651 1612 717 1662 inde
740 1613 768 1662 in
789 1614 870 1678 proxi

254 1689 297 1733 est
309 1684 380 1732 inani
392 1685 533 1735 traiectus.
571 1681 623 1733 Ubi
636 1683 701 1734 etin
715 1682 779 1732 sano
792 1684 870 1749 lueoq

254 1751 336 1817 gione
348 1758 375 1802 et
387 1769 419 1805 eo
431 1754 491 1804 iure
503 1757 610 1814 sancto,
624 1768 677 1819 quo
689 1759 752 1802 sunt
764 1754 870 1818 templu

254 1821 355 1872 Graeci
366 1825 523 1889 appellunt,
546 1830 573 1874 et
583 1823 704 1872 nondum
716 1829 763 1873 aut
780 1824 869 1874 indict

253 1891 295 1941 ita
307 1895 468 1955 connnisso,
481 1900 512 1944 ut
523 1893 636 1944 strictos
649 1893 771 1958 gladios,
789 1901 836 1944 aut
848 1910 870 1944 st

256 1961 452 2044 qupmfactum
466 1963 621 2024 audissent,
646 1978 729 2028 quum
751 1978 801 2029 per
822 1979 870 2024 nna
