<?xml version="1.0" encoding="UTF-8"?>
<!DOCTYPE html PUBLIC "-//W3C//DTD XHTML 1.0 Transitional//EN"
    "http://www.w3.org/TR/xhtml1/DTD/xhtml1-transitional.dtd">
<html xmlns="http://www.w3.org/1999/xhtml" xml:lang="en" lang="en">
 <head>
  <title>
</title>
<meta http-equiv="Content-Type" content="text/html;charset=utf-8" />
  <meta name='ocr-system' content='tesseract 3.04.00' />
  <meta name='ocr-capabilities' content='ocr_page ocr_carea ocr_par ocr_line ocrx_word'/>
</head>
<body>
  <div class='ocr_page' id='page_1' title='image "./tliviipatavinih02livigoog_0344.png"; bbox 0 0 1838 2954; ppageno 0'>
   <div class='ocr_carea' id='block_1_1' title="bbox 12 39 753 100">
    <p class='ocr_par' dir='ltr' id='par_1_1' title="bbox 12 39 753 100">
     <span class='ocr_line' id='line_1_1' title="bbox 12 39 753 100; baseline 0.009 -21"><span class='ocrx_word' id='word_1_1' title='bbox 12 39 192 79; x_wconf 54' lang='lat' dir='ltr'>nasama.</span> <span class='ocrx_word' id='word_1_2' title='bbox 203 39 369 87; x_wconf 68' lang='lat' dir='ltr'>uineae-n</span> <span class='ocrx_word' id='word_1_3' title='bbox 389 39 691 100; x_wconf 48' lang='lat' dir='ltr'>pedemontana]</span> <span class='ocrx_word' id='word_1_4' title='bbox 703 39 753 86; x_wconf 76' lang='lat'>351</span> 
     </span>
    </p>
   </div>
   <div class='ocr_carea' id='block_1_2' title="bbox 11 131 754 338">
    <p class='ocr_par' dir='ltr' id='par_1_2' title="bbox 11 131 754 338">
     <span class='ocr_line' id='line_1_2' title="bbox 11 131 754 202; baseline 0.007 -18"><span class='ocrx_word' id='word_1_5' title='bbox 11 133 56 184; x_wconf 76' lang='lat' dir='ltr'>sui</span> <span class='ocrx_word' id='word_1_6' title='bbox 65 133 172 184; x_wconf 84' lang='lat' dir='ltr'>tradita</span> <span class='ocrx_word' id='word_1_7' title='bbox 183 131 312 183; x_wconf 84' lang='lat' dir='ltr'>custodia</span> <span class='ocrx_word' id='word_1_8' title='bbox 322 133 407 194; x_wconf 89' lang='lat' dir='ltr'>urbis,</span> <span class='ocrx_word' id='word_1_9' title='bbox 424 133 542 184; x_wconf 82' lang='lat' dir='ltr'>Timone</span> <span class='ocrx_word' id='word_1_10' title='bbox 554 134 664 201; x_wconf 81' lang='lat' dir='ltr'><strong>Lydiae</strong></span> <span class='ocrx_word' id='word_1_11' title='bbox 676 151 754 202; x_wconf 85' lang='lat' dir='ltr'>prae·</span> 
     </span>
     <span class='ocr_line' id='line_1_3' title="bbox 11 201 754 269; baseline 0.003 -15"><span class='ocrx_word' id='word_1_12' title='bbox 11 209 57 254; x_wconf 85' lang='lat' dir='ltr'>to:</span> <span class='ocrx_word' id='word_1_13' title='bbox 76 201 174 269; x_wconf 82' lang='lat' dir='ltr'>quibus</span> <span class='ocrx_word' id='word_1_14' title='bbox 185 201 294 267; x_wconf 86' lang='lat' dir='ltr'>spretis,</span> <span class='ocrx_word' id='word_1_15' title='bbox 308 216 442 253; x_wconf 84' lang='lat' dir='ltr'>consensu</span> <span class='ocrx_word' id='word_1_16' title='bbox 453 203 655 269; x_wconf 80' lang='lat' dir='ltr'>oppidanorum</span> <span class='ocrx_word' id='word_1_17' title='bbox 666 214 694 256; x_wconf 89' lang='lat' dir='ltr'>et</span> <span class='ocrx_word' id='word_1_18' title='bbox 705 207 754 255; x_wconf 91' lang='lat' dir='ltr'>mi-</span> 
     </span>
     <span class='ocr_line' id='line_1_4' title="bbox 11 270 754 338; baseline 0.004 -15"><span class='ocrx_word' id='word_1_19' title='bbox 11 288 44 335; x_wconf 90' lang='lat' dir='ltr'>n,</span> <span class='ocrx_word' id='word_1_20' title='bbox 68 270 115 338; x_wconf 92' lang='lat' dir='ltr'>qui</span> <span class='ocrx_word' id='word_1_21' title='bbox 130 272 159 322; x_wconf 92' lang='lat' dir='ltr'>in</span> <span class='ocrx_word' id='word_1_22' title='bbox 177 285 241 322; x_wconf 86' lang='lat' dir='ltr'>aree</span> <span class='ocrx_word' id='word_1_23' title='bbox 259 277 352 333; x_wconf 87' lang='lat' dir='ltr'>erant,</span> <span class='ocrx_word' id='word_1_24' title='bbox 373 271 461 338; x_wconf 85' lang='lat' dir='ltr'>legati</span> <span class='ocrx_word' id='word_1_25' title='bbox 478 272 513 323; x_wconf 90' lang='lat' dir='ltr'>ad</span> <span class='ocrx_word' id='word_1_26' title='bbox 526 273 665 326; x_wconf 85' lang='lat' dir='ltr'>consulem</span> <span class='ocrx_word' id='word_1_27' title='bbox 676 275 754 326; x_wconf 89' lang='lat' dir='ltr'>missi</span> 
     </span>
    </p>
   </div>
   <div class='ocr_carea' id='block_1_3' title="bbox 11 378 754 618">
    <p class='ocr_par' dir='ltr' id='par_1_3' title="bbox 11 378 754 618">
     <span class='ocr_line' id='line_1_5' title="bbox 11 378 754 476; baseline 0.007 -15"><span class='ocrx_word' id='word_1_28' title='bbox 11 378 91 462; x_wconf 74' lang='lat' dir='ltr'>lLV.</span> <span class='ocrx_word' id='word_1_29' title='bbox 104 408 158 461; x_wconf 85' lang='lat' dir='ltr'>Sub</span> <span class='ocrx_word' id='word_1_30' title='bbox 170 409 241 460; x_wconf 90' lang='lat' dir='ltr'>idem</span> <span class='ocrx_word' id='word_1_31' title='bbox 254 407 313 460; x_wconf 84' lang='lat' dir='ltr'>fere</span> <span class='ocrx_word' id='word_1_32' title='bbox 326 416 434 476; x_wconf 89' lang='lat' dir='ltr'>tempus</span> <span class='ocrx_word' id='word_1_33' title='bbox 446 416 473 460; x_wconf 92' lang='lat' dir='ltr'>et</span> <span class='ocrx_word' id='word_1_34' title='bbox 487 410 520 460; x_wconf 91' lang='lat' dir='ltr'>ab</span> <span class='ocrx_word' id='word_1_35' title='bbox 533 411 685 475; x_wconf 82' lang='lat' dir='ltr'>Trallibus,</span> <span class='ocrx_word' id='word_1_36' title='bbox 696 420 724 465; x_wconf 86' lang='lat' dir='ltr'>et</span> <span class='ocrx_word' id='word_1_37' title='bbox 737 431 754 465; x_wconf 87' lang='lat' dir='ltr'>a</span> 
     </span>
     <span class='ocr_line' id='line_1_6' title="bbox 11 479 752 558; baseline 0.007 -28"><span class='ocrx_word' id='word_1_38' title='bbox 11 479 106 541; x_wconf 84' lang='lat' dir='ltr'>mesia,</span> <span class='ocrx_word' id='word_1_39' title='bbox 126 494 196 545; x_wconf 91' lang='lat' dir='ltr'>quae</span> <span class='ocrx_word' id='word_1_40' title='bbox 207 494 290 544; x_wconf 91' lang='lat' dir='ltr'>super</span> <span class='ocrx_word' id='word_1_41' title='bbox 301 479 483 530; x_wconf 85' lang='lat' dir='ltr'>Maeandrum</span> <span class='ocrx_word' id='word_1_42' title='bbox 494 486 545 541; x_wconf 90' lang='lat' dir='ltr'>est,</span> <span class='ocrx_word' id='word_1_43' title='bbox 556 487 584 530; x_wconf 90' lang='lat' dir='ltr'>et</span> <span class='ocrx_word' id='word_1_44' title='bbox 596 482 630 532; x_wconf 87' lang='lat' dir='ltr'>ab</span> <span class='ocrx_word' id='word_1_45' title='bbox 644 483 752 558; x_wconf 80' lang='lat' dir='ltr'>Epheso</span> 
     </span>
     <span class='ocr_line' id='line_1_7' title="bbox 11 546 753 618; baseline 0.004 -17"><span class='ocrx_word' id='word_1_46' title='bbox 11 549 34 601; x_wconf 86' lang='lat' dir='ltr'>ti</span> <span class='ocrx_word' id='word_1_47' title='bbox 47 546 86 600; x_wconf 82' lang='lat' dir='ltr'>ad</span> <span class='ocrx_word' id='word_1_48' title='bbox 96 547 235 599; x_wconf 88' lang='lat' dir='ltr'>dedendas</span> <span class='ocrx_word' id='word_1_49' title='bbox 247 551 329 600; x_wconf 92' lang='lat' dir='ltr'>urbes</span> <span class='ocrx_word' id='word_1_50' title='bbox 339 556 481 599; x_wconf 83' lang='lat' dir='ltr'>venerunt.</span> <span class='ocrx_word' id='word_1_51' title='bbox 496 550 753 618; x_wconf 77' lang='lat' dir='ltr'>Reliqueratblphe·</span> 
     </span>
    </p>
   </div>
   <div class='ocr_carea' id='block_1_4' title="bbox 10 617 828 2647">
    <p class='ocr_par' dir='ltr' id='par_1_4' title="bbox 10 617 828 2647">
     <span class='ocr_line' id='line_1_8' title="bbox 16 617 753 687; baseline 0.005 -17"><span class='ocrx_word' id='word_1_52' title='bbox 16 617 221 684; x_wconf 79' lang='lat' dir='ltr'><strong>Polyxenidas,</strong></span> <span class='ocrx_word' id='word_1_53' title='bbox 237 617 332 668; x_wconf 88' lang='lat' dir='ltr'>audita</span> <span class='ocrx_word' id='word_1_54' title='bbox 342 632 444 684; x_wconf 86' lang='lat' dir='ltr'>pugna,</span> <span class='ocrx_word' id='word_1_55' title='bbox 467 624 503 680; x_wconf 89' lang='lat' dir='ltr'>et,</span> <span class='ocrx_word' id='word_1_56' title='bbox 521 619 609 671; x_wconf 86' lang='lat' dir='ltr'>classe</span> <span class='ocrx_word' id='word_1_57' title='bbox 620 635 707 687; x_wconf 90' lang='lat' dir='ltr'>usque</span> <span class='ocrx_word' id='word_1_58' title='bbox 717 623 753 674; x_wconf 90' lang='lat' dir='ltr'>ad</span> 
     </span>
     <span class='ocr_line' id='line_1_9' title="bbox 11 687 753 754; baseline 0.004 -14"><span class='ocrx_word' id='word_1_59' title='bbox 11 704 53 740; x_wconf 62' lang='lat' dir='ltr'>,ra</span> <span class='ocrx_word' id='word_1_60' title='bbox 64 687 170 753; x_wconf 83' lang='lat' dir='ltr'>Lyciae</span> <span class='ocrx_word' id='word_1_61' title='bbox 181 693 337 754; x_wconf 83' lang='lat' dir='ltr'>pervectus,</span> <span class='ocrx_word' id='word_1_62' title='bbox 356 693 432 738; x_wconf 85' lang='lat' dir='ltr'>metu</span> <span class='ocrx_word' id='word_1_63' title='bbox 443 689 573 739; x_wconf 83' lang='lat' dir='ltr'>stationis</span> <span class='ocrx_word' id='word_1_64' title='bbox 584 688 753 743; x_wconf 88' lang='lat' dir='ltr'>Rhodiarum</span> 
     </span>
     <span class='ocr_line' id='line_1_10' title="bbox 11 757 753 827; baseline 0.003 -17"><span class='ocrx_word' id='word_1_65' title='bbox 11 773 71 820; x_wconf 91' lang='lat' dir='ltr'>um,</span> <span class='ocrx_word' id='word_1_66' title='bbox 92 772 161 823; x_wconf 90' lang='lat' dir='ltr'>quae</span> <span class='ocrx_word' id='word_1_67' title='bbox 172 757 207 808; x_wconf 91' lang='lat' dir='ltr'>ad</span> <span class='ocrx_word' id='word_1_68' title='bbox 216 757 355 823; x_wconf 84' lang='lat' dir='ltr'>Megisten</span> <span class='ocrx_word' id='word_1_69' title='bbox 368 763 444 820; x_wconf 84' lang='lat' dir='ltr'>erat,</span> <span class='ocrx_word' id='word_1_70' title='bbox 459 758 488 810; x_wconf 91' lang='lat' dir='ltr'>in</span> <span class='ocrx_word' id='word_1_71' title='bbox 501 766 603 810; x_wconf 85' lang='lat' dir='ltr'>terram</span> <span class='ocrx_word' id='word_1_72' title='bbox 616 775 753 827; x_wconf 80' lang='lat' dir='ltr'>egressus,</span> 
     </span>
     <span class='ocr_line' id='line_1_11' title="bbox 17 825 753 894; baseline 0.001 -15"><span class='ocrx_word' id='word_1_73' title='bbox 17 841 120 894; x_wconf 77' lang='lat' dir='ltr'>paucas</span> <span class='ocrx_word' id='word_1_74' title='bbox 131 827 232 879; x_wconf 87' lang='lat' dir='ltr'>itinere</span> <span class='ocrx_word' id='word_1_75' title='bbox 244 826 367 892; x_wconf 82' lang='lat' dir='ltr'>pedestri</span> <span class='ocrx_word' id='word_1_76' title='bbox 377 825 488 894; x_wconf 82' lang='lat' dir='ltr'><strong>Syriam</strong></span> <span class='ocrx_word' id='word_1_77' title='bbox 500 829 592 894; x_wconf 89' lang='lat' dir='ltr'>petiit.</span> <span class='ocrx_word' id='word_1_78' title='bbox 624 830 704 882; x_wconf 81' lang='lat' dir='ltr'>Asiae</span> <span class='ocrx_word' id='word_1_79' title='bbox 716 830 753 881; x_wconf 89' lang='lat' dir='ltr'>ei-</span> 
     </span>
     <span class='ocr_line' id='line_1_12' title="bbox 11 896 754 963; baseline 0.003 -15"><span class='ocrx_word' id='word_1_80' title='bbox 11 913 51 949; x_wconf 85' lang='lat' dir='ltr'>:es</span> <span class='ocrx_word' id='word_1_81' title='bbox 63 897 91 945; x_wconf 91' lang='lat' dir='ltr'>iu</span> <span class='ocrx_word' id='word_1_82' title='bbox 107 896 187 947; x_wconf 86' lang='lat' dir='ltr'>fidem</span> <span class='ocrx_word' id='word_1_83' title='bbox 200 896 321 947; x_wconf 89' lang='lat' dir='ltr'>consulis</span> <span class='ocrx_word' id='word_1_84' title='bbox 334 896 519 963; x_wconf 81' lang='lat' dir='ltr'>ditionemque</span> <span class='ocrx_word' id='word_1_85' title='bbox 530 897 626 962; x_wconf 90' lang='lat' dir='ltr'>populi</span> <span class='ocrx_word' id='word_1_86' title='bbox 638 897 754 950; x_wconf 86' lang='lat' dir='ltr'>Romani</span> 
     </span>
     <span class='ocr_line' id='line_1_13' title="bbox 16 963 754 1018; baseline 0.001 -1"><span class='ocrx_word' id='word_1_87' title='bbox 16 963 179 1017; x_wconf 79' lang='lat' dir='ltr'>tradebant.</span> <span class='ocrx_word' id='word_1_88' title='bbox 216 964 349 1016; x_wconf 78' lang='lat' dir='ltr'>Sardibus</span> <span class='ocrx_word' id='word_1_89' title='bbox 360 967 417 1016; x_wconf 91' lang='lat' dir='ltr'>iam</span> <span class='ocrx_word' id='word_1_90' title='bbox 429 966 605 1017; x_wconf 80' lang='lat' dir='ltr'>consuleret.</span> <span class='ocrx_word' id='word_1_91' title='bbox 631 967 673 1017; x_wconf 81' lang='lat' dir='ltr'>Eo</span> <span class='ocrx_word' id='word_1_92' title='bbox 686 975 714 1018; x_wconf 88' lang='lat' dir='ltr'>et</span> <span class='ocrx_word' id='word_1_93' title='bbox 723 967 754 1018; x_wconf 88' lang='lat' dir='ltr'>P.</span> 
     </span>
     <span class='ocr_line' id='line_1_14' title="bbox 11 1034 754 1101; baseline 0.001 -15"><span class='ocrx_word' id='word_1_94' title='bbox 11 1037 39 1087; x_wconf 86' lang='lat' dir='ltr'>io</span> <span class='ocrx_word' id='word_1_95' title='bbox 58 1034 93 1084; x_wconf 87' lang='lat' dir='ltr'>ab</span> <span class='ocrx_word' id='word_1_96' title='bbox 111 1034 212 1097; x_wconf 81' lang='lat' dir='ltr'>Elaea,</span> <span class='ocrx_word' id='word_1_97' title='bbox 234 1050 315 1101; x_wconf 89' lang='lat' dir='ltr'>quum</span> <span class='ocrx_word' id='word_1_98' title='bbox 338 1035 456 1101; x_wconf 87' lang='lat' dir='ltr'>primum</span> <span class='ocrx_word' id='word_1_99' title='bbox 475 1035 535 1101; x_wconf 93' lang='lat' dir='ltr'>pati</span> <span class='ocrx_word' id='word_1_100' title='bbox 550 1035 674 1087; x_wconf 88' lang='lat' dir='ltr'>laborem</span> <span class='ocrx_word' id='word_1_101' title='bbox 692 1037 754 1087; x_wconf 78' lang='lat' dir='ltr'>riae</span> 
     </span>
     <span class='ocr_line' id='line_1_15' title="bbox 11 1103 754 1170; baseline 0 -15"><span class='ocrx_word' id='word_1_102' title='bbox 11 1107 58 1166; x_wconf 82' lang='lat' dir='ltr'>it,</span> <span class='ocrx_word' id='word_1_103' title='bbox 77 1105 161 1156; x_wconf 80' lang='lat' dir='ltr'>venit.</span> <span class='ocrx_word' id='word_1_104' title='bbox 199 1103 255 1155; x_wconf 86' lang='lat' dir='ltr'>Sub</span> <span class='ocrx_word' id='word_1_105' title='bbox 267 1104 340 1154; x_wconf 90' lang='lat' dir='ltr'>idem</span> <span class='ocrx_word' id='word_1_106' title='bbox 352 1103 410 1154; x_wconf 83' lang='lat' dir='ltr'>fere</span> <span class='ocrx_word' id='word_1_107' title='bbox 421 1110 530 1170; x_wconf 90' lang='lat' dir='ltr'>tempus</span> <span class='ocrx_word' id='word_1_108' title='bbox 542 1105 709 1155; x_wconf 84' lang='lat' dir='ltr'>caduceator</span> <span class='ocrx_word' id='word_1_109' title='bbox 719 1105 754 1156; x_wconf 91' lang='lat' dir='ltr'>ab</span> 
     </span>
     <span class='ocr_line' id='line_1_16' title="bbox 10 1171 756 1240; baseline -0.001 -13"><span class='ocrx_word' id='word_1_110' title='bbox 10 1171 86 1227; x_wconf 82' lang='lat' dir='ltr'>ocho</span> <span class='ocrx_word' id='word_1_111' title='bbox 99 1188 148 1240; x_wconf 87' lang='lat' dir='ltr'>per</span> <span class='ocrx_word' id='word_1_112' title='bbox 158 1173 188 1225; x_wconf 92' lang='lat' dir='ltr'>P.</span> <span class='ocrx_word' id='word_1_113' title='bbox 199 1172 355 1240; x_wconf 80' lang='lat' dir='ltr'>Scipionem</span> <span class='ocrx_word' id='word_1_114' title='bbox 368 1188 385 1222; x_wconf 90' lang='lat' dir='ltr'>a</span> <span class='ocrx_word' id='word_1_115' title='bbox 395 1174 508 1225; x_wconf 85' lang='lat' dir='ltr'>consule</span> <span class='ocrx_word' id='word_1_116' title='bbox 518 1175 608 1240; x_wconf 87' lang='lat' dir='ltr'>petiit,</span> <span class='ocrx_word' id='word_1_117' title='bbox 627 1173 756 1240; x_wconf 87' lang='lat' dir='ltr'>impetra-</span> 
     </span>
     <span class='ocr_line' id='line_1_17' title="bbox 11 1243 756 1310; baseline -0.001 -14"><span class='ocrx_word' id='word_1_118' title='bbox 11 1260 54 1307; x_wconf 80' lang='lat' dir='ltr'>ue,</span> <span class='ocrx_word' id='word_1_119' title='bbox 66 1250 99 1294; x_wconf 92' lang='lat' dir='ltr'>ut</span> <span class='ocrx_word' id='word_1_120' title='bbox 110 1249 236 1294; x_wconf 86' lang='lat' dir='ltr'>oratores</span> <span class='ocrx_word' id='word_1_121' title='bbox 248 1244 361 1293; x_wconf 91' lang='lat' dir='ltr'>mittere</span> <span class='ocrx_word' id='word_1_122' title='bbox 371 1243 469 1294; x_wconf 88' lang='lat' dir='ltr'>liceret</span> <span class='ocrx_word' id='word_1_123' title='bbox 479 1245 547 1310; x_wconf 86' lang='lat' dir='ltr'>regi.</span> <span class='ocrx_word' id='word_1_124' title='bbox 574 1243 681 1295; x_wconf 83' lang='lat' dir='ltr'>Paucos</span> <span class='ocrx_word' id='word_1_125' title='bbox 692 1251 756 1310; x_wconf 88' lang='lat' dir='ltr'>post</span> 
     </span>
     <span class='ocr_line' id='line_1_18' title="bbox 14 1310 756 1378; baseline -0.003 -13"><span class='ocrx_word' id='word_1_126' title='bbox 14 1310 137 1375; x_wconf 80' lang='lat' dir='ltr'>Zeuxis,</span> <span class='ocrx_word' id='word_1_127' title='bbox 159 1313 206 1378; x_wconf 88' lang='lat' dir='ltr'>qui</span> <span class='ocrx_word' id='word_1_128' title='bbox 224 1310 384 1378; x_wconf 83' lang='lat' dir='ltr'>praefectus</span> <span class='ocrx_word' id='word_1_129' title='bbox 396 1312 505 1378; x_wconf 89' lang='lat' dir='ltr'>Lydiae</span> <span class='ocrx_word' id='word_1_130' title='bbox 515 1313 622 1375; x_wconf 81' lang='lat' dir='ltr'>fuerat,</span> <span class='ocrx_word' id='word_1_131' title='bbox 643 1315 756 1365; x_wconf 82' lang='lat' dir='ltr'>etdnti-</span> 
     </span>
     <span class='ocr_line' id='line_1_19' title="bbox 11 1381 755 1448; baseline -0.003 -14"><span class='ocrx_word' id='word_1_132' title='bbox 11 1399 28 1434; x_wconf 87' lang='lat' dir='ltr'>r</span> <span class='ocrx_word' id='word_1_133' title='bbox 38 1381 139 1433; x_wconf 80' lang='lat' dir='ltr'>fratris</span> <span class='ocrx_word' id='word_1_134' title='bbox 151 1382 225 1431; x_wconf 87' lang='lat' dir='ltr'>lilius</span> <span class='ocrx_word' id='word_1_135' title='bbox 236 1387 379 1432; x_wconf 82' lang='lat' dir='ltr'>venerunt.</span> <span class='ocrx_word' id='word_1_136' title='bbox 409 1382 457 1444; x_wconf 90' lang='lat' dir='ltr'>Hi,</span> <span class='ocrx_word' id='word_1_137' title='bbox 469 1383 546 1448; x_wconf 88' lang='lat' dir='ltr'>prius</span> <span class='ocrx_word' id='word_1_138' title='bbox 556 1385 680 1434; x_wconf 82' lang='lat' dir='ltr'>Eumene</span> <span class='ocrx_word' id='word_1_139' title='bbox 691 1398 755 1433; x_wconf 87' lang='lat' dir='ltr'>oon-</span> 
     </span>
     <span class='ocr_line' id='line_1_20' title="bbox 14 1453 755 1516; baseline -0.001 -13"><span class='ocrx_word' id='word_1_140' title='bbox 14 1467 48 1514; x_wconf 90' lang='grc' dir='ltr'>ο,</span> <span class='ocrx_word' id='word_1_141' title='bbox 72 1466 151 1516; x_wconf 90' lang='lat' dir='ltr'>quem</span> <span class='ocrx_word' id='word_1_142' title='bbox 165 1459 279 1516; x_wconf 91' lang='lat' dir='ltr'>propter</span> <span class='ocrx_word' id='word_1_143' title='bbox 288 1456 386 1502; x_wconf 86' lang='lat' dir='ltr'>vetera</span> <span class='ocrx_word' id='word_1_144' title='bbox 397 1453 550 1502; x_wconf 86' lang='lat' dir='ltr'>certamina</span> <span class='ocrx_word' id='word_1_145' title='bbox 561 1466 686 1502; x_wconf 76' lang='lat' dir='ltr'>aversum</span> <span class='ocrx_word' id='word_1_146' title='bbox 699 1467 755 1502; x_wconf 86' lang='lat' dir='ltr'>ma·</span> 
     </span>
     <span class='ocr_line' id='line_1_21' title="bbox 11 1520 755 1586; baseline -0.003 -14"><span class='ocrx_word' id='word_1_147' title='bbox 11 1537 22 1572; x_wconf 87' lang='lat' dir='ltr'>e</span> <span class='ocrx_word' id='word_1_148' title='bbox 35 1537 54 1571; x_wconf 89' lang='lat' dir='ltr'>a</span> <span class='ocrx_word' id='word_1_149' title='bbox 72 1535 140 1586; x_wconf 89' lang='lat' dir='ltr'>pace</span> <span class='ocrx_word' id='word_1_150' title='bbox 159 1520 308 1570; x_wconf 87' lang='lat' dir='ltr'>credebant</span> <span class='ocrx_word' id='word_1_151' title='bbox 319 1536 392 1582; x_wconf 89' lang='lat' dir='ltr'>esse,</span> <span class='ocrx_word' id='word_1_152' title='bbox 415 1526 443 1572; x_wconf 92' lang='lat' dir='ltr'>et</span> <span class='ocrx_word' id='word_1_153' title='bbox 454 1521 608 1586; x_wconf 85' lang='lat' dir='ltr'>placatiore</span> <span class='ocrx_word' id='word_1_154' title='bbox 620 1535 652 1570; x_wconf 90' lang='lat' dir='ltr'>eo</span> <span class='ocrx_word' id='word_1_155' title='bbox 665 1526 692 1570; x_wconf 90' lang='lat' dir='ltr'>et</span> <span class='ocrx_word' id='word_1_156' title='bbox 705 1535 755 1570; x_wconf 86' lang='lat' dir='ltr'>sua</span> 
     </span>
     <span class='ocr_line' id='line_1_22' title="bbox 11 1587 755 1658; baseline -0.004 -16"><span class='ocrx_word' id='word_1_157' title='bbox 11 1591 65 1658; x_wconf 71' lang='lat' dir='ltr'>egis</span> <span class='ocrx_word' id='word_1_158' title='bbox 78 1604 127 1657; x_wconf 85' lang='lat' dir='ltr'>spe</span> <span class='ocrx_word' id='word_1_159' title='bbox 137 1590 265 1651; x_wconf 82' lang='lat' dir='ltr'>invento,</span> <span class='ocrx_word' id='word_1_160' title='bbox 287 1595 345 1639; x_wconf 91' lang='lat' dir='ltr'>tum</span> <span class='ocrx_word' id='word_1_161' title='bbox 356 1589 385 1640; x_wconf 90' lang='lat' dir='ltr'>P.</span> <span class='ocrx_word' id='word_1_162' title='bbox 397 1587 570 1656; x_wconf 81' lang='lat' dir='ltr'>Scipionem,</span> <span class='ocrx_word' id='word_1_163' title='bbox 590 1595 618 1640; x_wconf 87' lang='lat' dir='ltr'>et</span> <span class='ocrx_word' id='word_1_164' title='bbox 630 1604 680 1654; x_wconf 87' lang='lat' dir='ltr'>per</span> <span class='ocrx_word' id='word_1_165' title='bbox 693 1604 755 1640; x_wconf 90' lang='lat' dir='ltr'>eum</span> 
     </span>
     <span class='ocr_line' id='line_1_23' title="bbox 11 1657 755 1727; baseline 0 -19"><span class='ocrx_word' id='word_1_166' title='bbox 11 1661 106 1720; x_wconf 70' lang='lat' dir='ltr'>ulem,</span> <span class='ocrx_word' id='word_1_167' title='bbox 128 1658 266 1710; x_wconf 87' lang='lat' dir='ltr'>adierunt:</span> <span class='ocrx_word' id='word_1_168' title='bbox 287 1661 468 1727; x_wconf 85' lang='lat' dir='ltr'>praebitoque</span> <span class='ocrx_word' id='word_1_169' title='bbox 485 1660 520 1709; x_wconf 89' lang='lat' dir='ltr'>iis</span> <span class='ocrx_word' id='word_1_170' title='bbox 531 1659 689 1723; x_wconf 87' lang='lat' dir='ltr'>petentibus</span> <span class='ocrx_word' id='word_1_171' title='bbox 701 1657 755 1708; x_wconf 83' lang='lat' dir='ltr'>fre·</span> 
     </span>
     <span class='ocr_line' id='line_1_24' title="bbox 11 1727 757 1796; baseline -0.003 -16"><span class='ocrx_word' id='word_1_172' title='bbox 11 1731 46 1780; x_wconf 78' lang='lat' dir='ltr'>iti</span> <span class='ocrx_word' id='word_1_173' title='bbox 58 1729 176 1779; x_wconf 86' lang='lat' dir='ltr'>consilio</span> <span class='ocrx_word' id='word_1_174' title='bbox 194 1729 230 1780; x_wconf 89' lang='lat' dir='ltr'>ad</span> <span class='ocrx_word' id='word_1_175' title='bbox 241 1728 372 1779; x_wconf 86' lang='lat' dir='ltr'>mandata</span> <span class='ocrx_word' id='word_1_176' title='bbox 384 1729 504 1791; x_wconf 85' lang='lat' dir='ltr'>edenda,</span> <span class='ocrx_word' id='word_1_177' title='bbox 524 1727 584 1780; x_wconf 86' lang='lat' dir='ltr'>Non</span> <span class='ocrx_word' id='word_1_178' title='bbox 599 1738 670 1790; x_wconf 83' lang='lat' dir='ltr'>tom,</span> <span class='ocrx_word' id='word_1_179' title='bbox 692 1728 757 1796; x_wconf 79' lang='lat' dir='ltr'>quid</span> 
     </span>
     <span class='ocr_line' id='line_1_25' title="bbox 16 1797 756 1864; baseline -0.003 -13"><span class='ocrx_word' id='word_1_180' title='bbox 16 1800 143 1851; x_wconf 81' lang='lat' dir='ltr'>dicamur</span> <span class='ocrx_word' id='word_1_181' title='bbox 150 1836 157 1861; x_wconf 92' lang='lat'>,</span> <span class='ocrx_word' id='word_1_182' title='bbox 175 1797 310 1858; x_wconf 68' lang='lat' dir='ltr'>lendenaus,</span> <span class='ocrx_word' id='word_1_183' title='bbox 328 1798 418 1863; x_wconf 91' lang='lat' dir='ltr'>inquit</span> <span class='ocrx_word' id='word_1_184' title='bbox 430 1799 540 1860; x_wconf 83' lang='lat' dir='ltr'>Zeuxis,</span> <span class='ocrx_word' id='word_1_185' title='bbox 552 1814 633 1864; x_wconf 79' lang='lat' dir='ltr'>prtum</span> <span class='ocrx_word' id='word_1_186' title='bbox 644 1807 674 1849; x_wconf 84' lang='lat' dir='ltr'>ut</span> <span class='ocrx_word' id='word_1_187' title='bbox 685 1815 702 1849; x_wconf 85' lang='lat' dir='ltr'>a</span> <span class='ocrx_word' id='word_1_188' title='bbox 713 1814 756 1849; x_wconf 88' lang='lat' dir='ltr'>oo·</span> 
     </span>
     <span class='ocr_line' id='line_1_26' title="bbox 11 1867 756 1936; baseline -0.003 -16"><span class='ocrx_word' id='word_1_189' title='bbox 11 1883 172 1934; x_wconf 64' lang='lat' dir='ltr'>luderemus,</span> <span class='ocrx_word' id='word_1_190' title='bbox 185 1867 316 1930; x_wconf 76' lang='lat' dir='ltr'>Rotnani,</span> <span class='ocrx_word' id='word_1_191' title='bbox 332 1884 383 1934; x_wconf 78' lang='lat' dir='ltr'>quo</span> <span class='ocrx_word' id='word_1_192' title='bbox 392 1868 503 1936; x_wconf 81' lang='lat' dir='ltr'>piaculo</span> <span class='ocrx_word' id='word_1_193' title='bbox 516 1869 628 1934; x_wconf 83' lang='lat' dir='ltr'>expiare</span> <span class='ocrx_word' id='word_1_194' title='bbox 639 1884 756 1919; x_wconf 85' lang='lat' dir='ltr'>errorem</span> 
     </span>
     <span class='ocr_line' id='line_1_27' title="bbox 13 1936 757 2005; baseline -0.004 -15"><span class='ocrx_word' id='word_1_195' title='bbox 13 1956 35 2000; x_wconf 70' lang='grc' dir='ltr'>ε,</span> <span class='ocrx_word' id='word_1_196' title='bbox 50 1954 145 2004; x_wconf 83' lang='lat' dir='ltr'>pacem</span> <span class='ocrx_word' id='word_1_197' title='bbox 155 1937 313 2004; x_wconf 83' lang='lat' dir='ltr'>veniamque</span> <span class='ocrx_word' id='word_1_198' title='bbox 324 1936 473 2003; x_wconf 81' lang='lat' dir='ltr'>impetrare</span> <span class='ocrx_word' id='word_1_199' title='bbox 485 1955 501 1989; x_wconf 84' lang='lat' dir='ltr'>a</span> <span class='ocrx_word' id='word_1_200' title='bbox 512 1936 660 1989; x_wconf 76' lang='lat' dir='ltr'>victoribus</span> <span class='ocrx_word' id='word_1_201' title='bbox 671 1937 757 2005; x_wconf 78' lang='lat' dir='ltr'>possi·</span> 
     </span>
     <span class='ocr_line' id='line_1_28' title="bbox 10 2006 757 2077; baseline -0.003 -19"><span class='ocrx_word' id='word_1_202' title='bbox 10 2046 17 2058; x_wconf 87' lang='lat'>.</span> <span class='ocrx_word' id='word_1_203' title='bbox 36 2006 160 2059; x_wconf 83' lang='lat' dir='ltr'>Maximo</span> <span class='ocrx_word' id='word_1_204' title='bbox 173 2023 274 2073; x_wconf 81' lang='lat' dir='ltr'>seraper</span> <span class='ocrx_word' id='word_1_205' title='bbox 286 2006 376 2058; x_wconf 83' lang='lat' dir='ltr'>oniruo</span> <span class='ocrx_word' id='word_1_206' title='bbox 388 2008 468 2059; x_wconf 79' lang='lat' dir='ltr'>oletis</span> <span class='ocrx_word' id='word_1_207' title='bbox 480 2008 588 2077; x_wconf 78' lang='lat' dir='ltr'>regibus</span> <span class='ocrx_word' id='word_1_208' title='bbox 596 2008 757 2076; x_wconf 74' lang='lat' dir='ltr'>populisque</span> 
     </span>
     <span class='ocr_line' id='line_1_29' title="bbox 11 2076 756 2145; baseline -0.003 -18"><span class='ocrx_word' id='word_1_209' title='bbox 11 2076 104 2128; x_wconf 76' lang='lat' dir='ltr'>mistis.</span> <span class='ocrx_word' id='word_1_210' title='bbox 137 2077 245 2140; x_wconf 82' lang='lat' dir='ltr'>Quanto</span> <span class='ocrx_word' id='word_1_211' title='bbox 255 2076 286 2126; x_wconf 81' lang='lat' dir='ltr'>id</span> <span class='ocrx_word' id='word_1_212' title='bbox 294 2076 396 2129; x_wconf 77' lang='lat' dir='ltr'>neolone</span> <span class='ocrx_word' id='word_1_213' title='bbox 408 2088 435 2130; x_wconf 87' lang='lat' dir='ltr'>et</span> <span class='ocrx_word' id='word_1_214' title='bbox 446 2079 601 2145; x_wconf 79' lang='lat' dir='ltr'>placatiore</span> <span class='ocrx_word' id='word_1_215' title='bbox 613 2079 704 2134; x_wconf 65' lang='lat' dir='ltr'>arridae,</span> <span class='ocrx_word' id='word_1_216' title='bbox 715 2077 756 2126; x_wconf 78' lang='lat' dir='ltr'>cle-</span> 
     </span>
     <span class='ocr_line' id='line_1_30' title="bbox 11 2144 758 2218; baseline -0.008 -20"><span class='ocrx_word' id='word_1_217' title='bbox 11 2163 50 2198; x_wconf 76' lang='lat' dir='ltr'>uos</span> <span class='ocrx_word' id='word_1_218' title='bbox 60 2148 158 2218; x_wconf 80' lang='lat' dir='ltr'>faeere</span> <span class='ocrx_word' id='word_1_219' title='bbox 169 2146 198 2198; x_wconf 83' lang='lat' dir='ltr'>in</span> <span class='ocrx_word' id='word_1_220' title='bbox 209 2146 261 2197; x_wconf 81' lang='lat' dir='ltr'>dne</span> <span class='ocrx_word' id='word_1_221' title='bbox 273 2145 399 2210; x_wconf 80' lang='lat' dir='ltr'>victorie,</span> <span class='ocrx_word' id='word_1_222' title='bbox 419 2164 488 2216; x_wconf 84' lang='lat' dir='ltr'>qaue</span> <span class='ocrx_word' id='word_1_223' title='bbox 498 2165 543 2201; x_wconf 80' lang='lat' dir='ltr'>ons</span> <span class='ocrx_word' id='word_1_224' title='bbox 555 2149 673 2200; x_wconf 78' lang='lat' dir='ltr'>donzinos</span> <span class='ocrx_word' id='word_1_225' title='bbox 685 2144 758 2198; x_wconf 77' lang='lat' dir='ltr'>ordio</span> 
     </span>
     <span class='ocr_line' id='line_1_31' title="bbox 11 2215 758 2286; baseline -0.008 -18"><span class='ocrx_word' id='word_1_226' title='bbox 11 2233 94 2268; x_wconf 70' lang='lat' dir='ltr'>&#39;arum</span> <span class='ocrx_word' id='word_1_227' title='bbox 100 2216 193 2286; x_wconf 82' lang='lat' dir='ltr'>feeit?</span> <span class='ocrx_word' id='word_1_228' title='bbox 214 2215 318 2266; x_wconf 82' lang='lat' dir='ltr'>Positis</span> <span class='ocrx_word' id='word_1_229' title='bbox 329 2215 384 2266; x_wconf 79' lang='lat' dir='ltr'>loru</span> <span class='ocrx_word' id='word_1_230' title='bbox 395 2220 520 2270; x_wconf 81' lang='lat' dir='ltr'>adversus</span> <span class='ocrx_word' id='word_1_231' title='bbox 532 2235 619 2271; x_wconf 77' lang='lat' dir='ltr'>orrrnes</span> <span class='ocrx_word' id='word_1_232' title='bbox 629 2216 758 2268; x_wconf 70' lang='lat' dir='ltr'>niortoles</span> 
     </span>
     <span class='ocr_line' id='line_1_32' title="bbox 11 2285 758 2352; baseline -0.011 -14"><span class='ocrx_word' id='word_1_233' title='bbox 11 2286 154 2347; x_wconf 79' lang='lat' dir='ltr'>urrrim&#39;dus,</span> <span class='ocrx_word' id='word_1_234' title='bbox 167 2285 241 2336; x_wconf 77' lang='lat' dir='ltr'>baud</span> <span class='ocrx_word' id='word_1_235' title='bbox 250 2301 325 2336; x_wconf 72' lang='lat' dir='ltr'>secan</span> <span class='ocrx_word' id='word_1_236' title='bbox 337 2303 417 2352; x_wconf 85' lang='lat' dir='ltr'>quom</span> <span class='ocrx_word' id='word_1_237' title='bbox 429 2289 498 2349; x_wconf 84' lang='lat' dir='ltr'>deos,</span> <span class='ocrx_word' id='word_1_238' title='bbox 511 2290 648 2340; x_wconf 77' lang='lat' dir='ltr'>corrrulere</span> <span class='ocrx_word' id='word_1_239' title='bbox 658 2294 684 2334; x_wconf 86' lang='lat' dir='ltr'>et</span> <span class='ocrx_word' id='word_1_240' title='bbox 691 2298 758 2349; x_wconf 83' lang='lat' dir='ltr'>pnr-</span> 
     </span>
     <span class='ocr_line' id='line_1_33' title="bbox 11 2351 757 2425; baseline -0.012 -17"><span class='ocrx_word' id='word_1_241' title='bbox 11 2373 68 2408; x_wconf 54' lang='lat' dir='ltr'>*ooo</span> <span class='ocrx_word' id='word_1_242' title='bbox 78 2356 174 2425; x_wconf 81' lang='lat' dir='ltr'>generi</span> <span class='ocrx_word' id='word_1_243' title='bbox 184 2356 303 2406; x_wconf 70' lang='lat' dir='ltr'>leuntano</span> <span class='ocrx_word' id='word_1_244' title='bbox 315 2366 429 2421; x_wconf 82' lang='lat' dir='ltr'>oportet.</span> <span class='ocrx_word' id='word_1_245' title='bbox 465 2359 522 2407; x_wconf 88' lang='lat' dir='ltr'>lam</span> <span class='ocrx_word' id='word_1_246' title='bbox 536 2363 608 2416; x_wconf 84' lang='lat' dir='ltr'>ante,</span> <span class='ocrx_word' id='word_1_247' title='bbox 627 2367 708 2420; x_wconf 88' lang='lat' dir='ltr'>quam</span> <span class='ocrx_word' id='word_1_248' title='bbox 720 2351 757 2401; x_wconf 91' lang='lat' dir='ltr'>le·</span> 
     </span>
     <span class='ocr_line' id='line_1_34' title="bbox 26 2423 766 2497; baseline -0.014 -21"><span class='ocrx_word' id='word_1_249' title='bbox 26 2427 164 2486; x_wconf 72' lang='lat' dir='ltr'>uenirent,</span> <span class='ocrx_word' id='word_1_250' title='bbox 187 2425 329 2475; x_wconf 86' lang='lat' dir='ltr'>decretum</span> <span class='ocrx_word' id='word_1_251' title='bbox 352 2434 428 2491; x_wconf 87' lang='lat' dir='ltr'>erat,</span> <span class='ocrx_word' id='word_1_252' title='bbox 448 2423 766 2497; x_wconf 62' lang='lat' dir='ltr'>niridresponuexemv</span> 
     </span>
     <span class='ocr_line' id='line_1_35' title="bbox 11 2484 828 2565; baseline -0.023 -21"><span class='ocrx_word' id='word_1_253' title='bbox 11 2496 115 2545; x_wconf 38' lang='lat' dir='ltr'>tondere</span> <span class='ocrx_word' id='word_1_254' title='bbox 129 2496 294 2547; x_wconf 80' lang='lat' dir='ltr'>Africanum</span> <span class='ocrx_word' id='word_1_255' title='bbox 319 2497 443 2565; x_wconf 81' lang='lat' dir='ltr'>plueult..</span> <span class='ocrx_word' id='word_1_256' title='bbox 479 2501 509 2552; x_wconf 87' lang='lat' dir='ltr'>ls</span> <span class='ocrx_word' id='word_1_257' title='bbox 523 2495 652 2549; x_wconf 62' lang='lat' dir='ltr'>&#39;inmune</span> <span class='ocrx_word' id='word_1_258' title='bbox 665 2484 796 2538; x_wconf 64' lang='lat' dir='ltr'>meeum</span> <span class='ocrx_word' id='word_1_259' title='bbox 822 2530 828 2541; x_wconf 25' lang='lat' dir='ltr'>x</span> 
     </span>
     <span class='ocr_line' id='line_1_36' title="bbox 11 2556 817 2647; baseline -0.012 -33"><span class='ocrx_word' id='word_1_260' title='bbox 11 2568 47 2611; x_wconf 78' lang='lat' dir='ltr'>ms</span> <span class='ocrx_word' id='word_1_261' title='bbox 57 2563 166 2619; x_wconf 74' lang='lat' dir='ltr'>fertur:</span> <span class='ocrx_word' id='word_1_262' title='bbox 187 2564 320 2626; x_wconf 72' lang='lat' dir='ltr'>Rotnani</span> <span class='ocrx_word' id='word_1_263' title='bbox 332 2590 369 2629; x_wconf 83' lang='lat' dir='ltr'>ex</span> <span class='ocrx_word' id='word_1_264' title='bbox 383 2575 438 2643; x_wconf 79' lang='lat' dir='ltr'>ils,</span> <span class='ocrx_word' id='word_1_265' title='bbox 461 2588 538 2647; x_wconf 76' lang='lat' dir='ltr'>quoe</span> <span class='ocrx_word' id='word_1_266' title='bbox 551 2569 584 2622; x_wconf 75' lang='lat' dir='ltr'>&#39;an</span> <span class='ocrx_word' id='word_1_267' title='bbox 597 2565 686 2616; x_wconf 84' lang='lat' dir='ltr'>deam</span> <span class='ocrx_word' id='word_1_268' title='bbox 696 2556 817 2607; x_wconf 57' lang='lat' dir='ltr'>initium·</span> 
     </span>
    </p>
   </div>
   <div class='ocr_carea' id='block_1_5' title="bbox 0 0 927 2954">
    <p class='ocr_par' dir='ltr' id='par_1_5' title="bbox 0 0 927 2954">
     <span class='ocr_line' id='line_1_37' title="bbox 0 0 927 2954; baseline 0 0"><span class='ocrx_word' id='word_1_269' title='bbox 0 0 927 2954; x_wconf 95' lang='lat' dir='ltr'> </span> 
     </span>
    </p>
   </div>
  </div>
 </body>
</html>
