1838 2954
87 40 735 144 svn'cmasao.[massmanno]am-

61 174 176 242 endinrn
184 190 373 242 pervasurum.
409 175 450 227 At
464 192 492 229 se
509 177 626 246 gradum
639 176 669 230 in
678 176 727 230 Bi·

53 243 133 316 fore,
153 245 258 312 quando
269 245 403 299 Eumenes
412 245 441 298 in
451 246 635 300 uoluntariam
645 245 725 299 serni·

26 313 201 367 :oncersisset
236 315 289 365 His
304 322 407 366 motum
418 314 542 367 Prusiam
558 317 658 368 literae
668 315 726 368 sci·

29 383 168 445 consolis,
188 383 238 436 sed
250 385 339 450 magis
351 385 409 436 eius
425 384 522 436 fratris
534 385 671 448 Africani,
691 385 726 436 ab

23 451 85 504 ione
95 453 148 503 tali
159 449 330 505 averterunt:
353 455 413 521 qui,
430 460 543 520 praeter
554 455 727 507 consuetudi·

23 528 161 588 erpetusm
173 522 268 589 populi
274 523 393 574 Romani
404 523 524 589 augendi
536 525 610 575 omni
622 523 727 577 honore

33 591 173 642 sociorum
183 592 372 653 molestatam,
393 591 553 644 domesticis
564 593 624 660 ipse
637 608 727 647 exem-

23 659 118 711 ·usism
129 659 165 711 sd
176 661 387 727 promerendam
399 662 550 714 anricitiam
561 678 640 726 suam
655 677 727 714 com·

27 726 147 799 Regulos
156 744 184 782 re
196 739 319 797 acceptos
328 729 358 782 in
368 729 455 799 fldem
464 729 494 783 in
504 731 642 800 Hispania
650 748 728 801 reges

23 799 72 851 sse.
109 797 284 852 Masinissam
299 815 352 852 non
373 798 403 851 in
417 799 511 866 patrio
530 804 608 853 niodo
629 806 729 854 locasse

41 867 127 920 sedin
139 867 280 937 Syphacis,
301 884 380 934 spuo
395 877 459 920 onte
477 871 605 934 expulsus
616 871 729 941 ficisset,

23 937 227 1004 nimposaisses
247 945 276 988 et
296 953 351 989 esse
371 953 430 990 enm
450 953 502 989 non
514 937 630 1007 Africae
652 939 729 990 modo

31 1007 112 1075 longe
122 1005 366 1074 opulentissimum,
388 1007 435 1059 sed
446 1014 502 1058 toto
518 1005 547 1057 in
562 1007 625 1058 orde
640 1015 730 1059 terra-

23 1073 129 1128 tiois're
168 1091 194 1129 m
208 1079 250 1130 ael
264 1077 421 1138 maiestate,
442 1077 485 1127 oei
504 1074 606 1127 viridas
646 1090 729 1126 orem.

23 1159 85 1211 pum
95 1154 123 1197 et
159 1145 323 1210 adimdostes
335 1146 401 1198 dello
412 1153 553 1213 superator
564 1145 598 1197 ab
607 1092 730 1209 'istisin-

22 1229 101 1267 amen
110 1213 140 1267 in
151 1231 236 1285 regno
247 1217 365 1269 relictos.
401 1214 533 1282 Philippo
544 1214 649 1283 quidem
659 1229 731 1267 anno

26 1282 107 1336 etiam
119 1283 280 1352 stipendium
290 1286 444 1350 remissum,
466 1293 494 1337 et
504 1284 599 1354 filiam
614 1283 732 1336 obsidens

23 1369 82 1405 amr
102 1362 130 1405 et
144 1355 275 1422 quosdam
293 1355 418 1408 civitates
439 1352 732 1416 extroMncedoniam,

23 1421 92 1474 tibus
103 1420 233 1477 Romanis
244 1425 462 1492 imperatoribus,
473 1423 604 1490 recepisse
614 1438 682 1474 enm.
697 1421 732 1474 In

32 1492 171 1562 dignitate
188 1495 459 1614 etNobinsutnrnm
472 1492 576 1562 fuisse,
596 1491 651 1545 nisi
670 1506 730 1542 eam

23 1561 126 1614 trimum
136 1562 236 1646 fieror,
256 1565 317 1617 dein
335 1583 349 1615 e
360 1565 446 1635 fraus
460 1563 616 1615 Aetolorum
627 1558 730 1613 absum·

23 1667 30 1682 .
67 1632 190 1684 Maxime
201 1634 379 1685 confirmatus
391 1638 434 1686 est
444 1633 551 1685 animus
559 1630 645 1698 regis,
654 1634 730 1697 post·

23 1701 56 1752 ad
67 1717 129 1751 eum
141 1703 170 1751 C.
181 1701 292 1764 Livius,
304 1705 348 1768 qui
362 1708 475 1769 praetor
486 1709 549 1754 onte
560 1701 643 1753 classi
652 1714 730 1767 prae·

23 1769 148 1836 ‚legatus
159 1771 193 1821 ab
205 1771 293 1822 Roma
303 1772 380 1822 venit
391 1808 398 1833 ‚
411 1778 439 1824 et
451 1772 575 1835 edocuit,
587 1775 689 1838 quanto
702 1777 731 1822 et

23 1839 142 1891 istoriae
159 1841 262 1891 certior
272 1840 418 1906 Romanis,
440 1856 520 1908 quam
530 1839 679 1902 Antiocho,
701 1845 730 1891 et

23 1908 54 1960 iu
68 1909 193 1962 sanctior
208 1909 368 1978 firmiorque
387 1910 460 1977 apud
477 1911 617 1962 Romanos
633 1909 730 1961 futura

23 2044 80 2099 [Vl.
90 2046 249 2112 Antiochus,
258 2056 407 2117 postquam
420 2066 437 2102 a
448 2065 496 2118 spe
507 2050 653 2103 societatis
664 2047 730 2100 Pru·

23 2116 119 2180 ecidit,
138 2116 279 2184 Ephesum
290 2121 324 2171 ab
335 2120 468 2171 Sardibus
481 2127 524 2172 est
540 2119 683 2188 profectus
695 2117 728 2167 ad

23 2201 54 2248 m,
65 2201 133 2252 quae
145 2202 194 2252 per
206 2191 312 2255 aliquot
322 2204 429 2241 menses
440 2191 576 2251 instructa
588 2205 621 2240 ac
630 2190 730 2254 parata

24 2291 33 2319 ,
56 2255 215 2322 visendam3
246 2258 334 2325 magis
355 2259 420 2324 quia
441 2261 620 2312 terrestribus
642 2253 728 2320 copiis

23 2329 79 2374 tum
90 2325 244 2378 Romanum
260 2333 287 2378 et
304 2327 372 2378 duos
384 2328 529 2395 Scipiones
545 2322 728 2392 imperatores

23 2399 39 2444 ,t
49 2395 183 2446 sustineri
193 2411 247 2447 non
259 2412 353 2463 posse,
375 2412 455 2465 quam
473 2397 543 2466 quod
560 2410 604 2446 res
620 2392 730 2444 navalis

26 2477 57 2514 er
75 2478 106 2516 se
128 2471 178 2515 aut
192 2471 302 2519 tentato
318 2466 376 2521 sibi
390 2483 526 2538 unquam*
535 2463 685 2518 ieixc'xters
696 2461 755 2506 W

23 2545 114 2595 agaae
129 2540 159 2584 et
175 2541 273 2588 certae
292 2539 421 2594 fiduciae
441 2544 534 2594 esset.
564 2535 650 2585 Erat
666 2530 781 2572 nossem

23 2601 78 2648 tam
88 2599 118 2652 io
127 2608 309 2671 praesentia
322 2611 408 2683 spei,
422 2607 511 2683 quoa
522 2591 803 2667 etmngssmar·
