1838 2954
10 39 186 71 &An-UH·
198 39 288 69 mm.
299 39 593 86 [U.h.slr1.rs.b.191.j
609 39 660 71 ΔΝ

401 97 655 111 -Ἤ

10 130 30 177 rt
40 122 200 191 Magnesia,
211 129 239 175 et
248 121 396 175 Thessalia
407 129 462 186 est,
475 128 504 175 et
514 122 662 176 Phthiotae

10 192 103 245 :sinus
113 191 261 244 Maliacus.
279 193 356 243 lutra
367 192 461 244 fauces
473 193 508 245 ad
519 192 664 245 meridiem

12 262 117 315 etoliao
128 276 193 328 pars
204 262 307 326 alaier,
327 269 355 313 et
366 264 533 325 Acarnania,
553 268 581 314 et
602 277 663 313 eum

10 330 112 393 ’hoois,
133 337 162 382 et
171 331 292 382 Boeotia
308 331 492 398 adiunctaque
508 333 600 383 insula
609 333 664 382 lin·

10 442 13 449 .
32 401 235 452 excurrentem
247 402 349 462 altum,
369 401 445 452 velut
466 404 664 466 prunrnntorin,

10 484 66 531 rra,
85 470 144 520 sita
155 470 188 520 ab
200 475 295 535 terge,
310 474 338 521 et
349 469 564 535 Peloponnesus.
601 473 665 523 llnc

9 539 26 589 b
36 538 160 589 Leucate
172 540 281 590 otmari
292 538 327 589 ad
340 538 512 590 occidentem
523 554 603 591 verso
616 555 665 607 [rer

13 606 181 659 adalanum
193 622 268 658 arare
281 608 530 660 orientiobiectunr
542 608 666 671 tendens,

11 692 22 728 a
32 690 171 743 rupesque
180 676 340 727 interiectas
351 674 447 738 habet,
469 685 564 729 utnon
580 678 665 729 niardo

10 782 19 809 ,
40 744 90 796 sed
100 760 135 795 no
153 745 276 811 expediti
297 745 408 811 quidem
430 745 514 798 facile
534 747 607 799 ullas
630 746 666 798 ad

22 814 109 867 calles
121 814 274 865 inveniant.
312 815 459 866 Extremus
474 815 509 866 ad
530 817 665 869 orientem

11 889 85 936 olam
98 890 206 946 vocant,
219 898 335 950 qumunr
348 884 422 950 quod
434 883 601 934 altissimum
613 894 667 946 est,

10 970 57 1004 mn
67 952 239 1021 appellatur:
259 954 288 1003 in
298 952 376 1003 cuius
388 951 461 1003 ralla
470 951 506 1002 ad
516 953 667 1004 Maliacum

11 1023 165 1089 ’genteiter
175 1028 217 1074 est
232 1038 287 1073 non
300 1021 401 1083 latius,
422 1035 503 1086 quam
519 1022 669 1086 sexaginta

11 1094 68 1143 laec
79 1108 135 1142 una
146 1091 275 1143 militaris
286 1090 333 1140 ria
344 1094 395 1152 est,
407 1104 461 1155 qna
472 1088 580 1139 traduci
591 1104 668 1141 exer-

12 1176 48 1211 on
58 1159 266 1227 prohibeantur,
288 1161 403 1226 possint.
438 1158 506 1210 ldeo
517 1157 619 1227 Pylae,
640 1164 669 1209 et

11 1230 77 1297 quia
87 1230 194 1282 calidae
210 1246 299 1297 aquae
318 1229 345 1279 in
361 1230 430 1295 ipsis
446 1227 574 1281 faucibus
593 1234 669 1289 sunt,

11 1300 74 1367 ylae
85 1300 163 1351 locus
180 1300 349 1366 appellatur,
369 1298 471 1349 nobilis
483 1296 669 1350 lraeedaenrn·

13 1368 129 1421 dvorsus
147 1370 245 1422 Persas
266 1374 356 1421 morto
376 1368 466 1435 magis
485 1366 670 1429 memorabili,

11 1453 60 1489 na

11 1480 235 1573 'Haudquaquam
250 1507 311 1573 pari
329 1514 387 1558 tmn
408 1506 498 1557 aninlo
509 1501 670 1564 Antiochus,

11 1583 50 1627 tas
62 1576 116 1627 loci
128 1577 187 1627 eins
196 1578 292 1627 eastris
305 1577 413 1643 positis,
419 1573 621 1625 munitionibus
630 1574 671 1622 in·

11 1652 66 1697 turn
78 1645 257 1711 impediebat:
270 1654 307 1709 et,
319 1660 400 1712 quum
414 1643 519 1709 duplici
529 1642 604 1693 rallo
616 1640 672 1691 fris·

12 1731 82 1765 rruro
91 1717 183 1776 etiam,
191 1730 243 1781 qua
254 1731 297 1766 res
310 1714 521 1781 prestolabatur
533 1713 670 1762 nrnltaen·

11 1801 27 1835 n
34 1784 183 1835 iacentium
196 1784 326 1850 lapidum,
334 1782 671 1850 permunissetomniasa-

12 1890 20 1916 ,
42 1869 178 1919 nunquam
191 1870 224 1904 ea
234 1855 288 1904 rirn
300 1854 454 1904 Rauranum
466 1852 619 1905 exereitum
632 1851 672 1901 la·

11 1924 111 1975 aetolos
123 1938 156 1974 ex
169 1921 568 1988 quattuornrillibus(totenirn
578 1935 674 1975 conre-

13 1993 96 2043 artim
109 1992 142 2041 ad
157 1993 319 2043 lleraelearn
333 1992 472 2056 praesidio
487 1992 673 2049 obtinendam,

12 2080 18 2111 r
32 2063 107 2127 ipsas
123 2060 217 2111 falices
235 2062 326 2127 posita
342 2069 396 2121 est,
418 2062 517 2127 partim
530 2063 672 2129 llypatarn

12 2130 173 2181 lleraclearn
187 2129 259 2180 haud
271 2129 368 2179 dubins
381 2132 519 2182 erinsnlern
534 2144 672 2196 impugna·

11 2208 28 2250 ·t
40 2201 95 2249 iarn
112 2200 207 2250 nrnltis
223 2199 425 2261 nuntiantibus,
446 2203 519 2251 circa
529 2199 673 2264 Hypatam

15 2269 111 2320 astari.
148 2269 263 2330 Consul,
285 2268 468 2334 depopulatus
482 2271 671 2333 llypatensem

15 2338 97 2389 eindn
108 2337 321 2388 Heracleensem
334 2354 442 2404 agrurn,
465 2334 557 2386 inutili
568 2330 672 2382 utrnlri·

14 2408 42 2458 io
53 2407 229 2468 Aetolorum,
254 2407 281 2455 in
292 2407 360 2472 ipsis
373 2406 497 2456 farmibns
509 2415 594 2467 prope
613 2398 672 2449 forr·

12 2493 82 2529 nnrrn
98 2491 232 2542 aquarum
249 2475 380 2525 ailrersus
402 2488 497 2539 regem
517 2476 611 2520 castra
627 2483 677 2535 nn-

14 2548 134 2597 tolorum
158 2554 293 2612 utraeque
314 2561 416 2598 mamis
434 2540 612 2596 lleracleam
630 2552 696 2591 seso

421 2613 482 2668 8¹2
