1838 2954
68 39 120 83 err.
131 39 259 95 oens-m
265 39 308 77 ua.
320 39 613 93 [um-commupe]
632 39 685 77 auu

41 122 136 193 ipbcsi
146 132 221 187 erat,
240 127 297 177 iam
306 125 452 178 moenibus
463 125 685 192 appropinquen-

23 208 107 246 onem
117 194 354 261 imitantesque
365 209 467 262 magna
477 199 558 261 parte
564 192 685 260 praedae

23 279 48 315 rc
56 278 141 316 naves
151 264 272 331 redegit.
303 263 420 316 Postero
431 263 489 327 die,
508 263 618 315 insidiis
628 278 685 316 mo·

23 351 27 383 ι
39 333 101 384 viae
112 334 228 400 positis,
251 333 287 384 ad
307 333 472 385 eliciendum
484 339 564 385 extra
573 333 685 385 moenia

23 416 79 464 em,
98 403 220 454 Romani
235 403 271 454 ad
285 404 383 455 urbem
398 403 508 471 agmine
519 403 589 455 ieros
609 401 685 464 inde,

25 472 89 538 ipsa
99 472 235 539 suspicio,
256 488 291 525 ne
302 474 363 539 quis
374 474 477 537 exiret,
493 464 685 533 doterroiiset,

23 559 25 587 t
44 540 80 592 ad
93 556 193 593 naras:
214 546 256 604 et,
275 547 353 595 terra
367 542 494 608 marique
512 541 686 608 fugientibus

32 608 169 673 hostibus,
178 608 301 673 Samum,
316 610 391 663 unde
399 617 525 674 renuat,
536 611 634 663 classis
644 623 688 665 ro·

23 678 64 733 uie
79 680 148 733 duas
160 679 299 733 sociorum
316 694 351 733 ex
361 680 459 745 ltalia,
481 680 552 734 siuas
560 679 687 733 Rhodias

23 764 85 802 curn
101 749 245 818 praefecto
261 750 392 816 Epicrate
401 749 513 805 Rhodie
529 748 687 803 eufratam

23 820 82 873 riae
103 819 236 871 tuendum
252 826 367 886 praetor
381 821 467 872 misit.
502 819 638 873 iniectum
655 816 687 870 id

23 888 281 943 »Lacedaemonius
292 890 446 957 Hybristas
463 904 526 941 cum
541 888 688 941 iuventute

23 956 80 1011 ru'm
94 958 232 1013 iaciebat=
253 959 433 1026 clausumque
447 958 505 1011 iam
519 972 601 1011 maro
614 970 687 1009 com·

29 1028 217 1082 italicissrat.
555 1072 561 1079 .

31 1098 142 1152 Piraaei
152 1098 187 1152 L.
197 1097 456 1167 sentiebamus,
476 1095 637 1151 succedenti
651 1094 688 1149 ad

23 1168 164 1236 nporium,
185 1169 334 1236 Epicrates
351 1168 487 1222 occurrite
508 1166 569 1235 qui,
589 1165 690 1219 andita

23 1237 161 1301 odiorum,
182 1254 267 1306 quum
280 1238 342 1306 ipse
358 1239 547 1291 dominatum
558 1236 689 1305 quinque·

23 1308 117 1372 beret,
137 1307 298 1375 Epicratem
314 1323 376 1360 cunr
387 1313 523 1376 quattuor
531 1306 649 1360 naribus
658 1304 689 1359 in

23 1392 98 1431 acum
117 1376 240 1430 reduxit
275 1376 446 1432 Prosecutus
468 1371 554 1431 ctiam
576 1380 707 1443 apertae·

23 1448 89 1500 sium
115 1462 200 1499 naves
225 1452 299 1499 sunt.
345 1450 457 1516 Aegaeo
482 1447 555 1498 mari
578 1444 692 1497 traiecit

28 1517 135 1570 Eodem
147 1518 345 1573 Timasicrates
359 1517 486 1571 Rhodius
501 1531 563 1568 cum
582 1514 691 1587 ‹ioabus

23 1588 105 1639 nibus
116 1588 150 1639 ab
161 1586 245 1639 Samo
256 1593 339 1639 nocte
354 1590 525 1654 intempesta
534 1585 624 1638 venit:
645 1583 692 1636 de·

23 1673 39 1709 e
55 1657 92 1709 ad
101 1657 261 1722 Aemilium,
280 1658 414 1725 praesidii
430 1670 555 1710 caussae
566 1653 692 1716 missum,

23 1727 32 1778 i
49 1742 111 1780 eam
123 1743 200 1779 oram
212 1727 437 1781 marisinfestam
448 1725 585 1779 onerariis
596 1724 693 1791 regiae

23 1797 201 1850 :cursionibus
223 1799 327 1850 crebris
349 1798 383 1850 ub
399 1798 586 1864 Hellesponto
606 1800 692 1862 atquo

23 1873 133 1935 rcerent.
163 1867 330 1919 'l'raiicienti
339 1867 459 1920 Aemilio
470 1882 488 1918 o
499 1864 567 1917 Chio
580 1862 692 1917 Samum

23 1936 91 1989 rdine
102 1936 290 2004 quadriremes
311 1937 414 1989 missae
426 1937 538 1989 obviam
554 1935 588 1987 ab
598 1933 692 1996 Lirin,

28 2021 120 2059 menes
139 2023 199 2058 curn
217 2007 324 2058 duabus
341 2007 585 2074 quinqueremibus
597 2018 693 2057 occur·

23 2092 78 2128 rum
90 2082 238 2144 postquam
247 2084 361 2129 ventum
374 2083 424 2139 est,
436 2081 552 2198 accepta
563 2075 597 2128 ab
608 2074 692 2128 Livio

23 2149 194 2210 isacrificio,
215 2155 248 2199 ut
258 2147 373 2209 assolet,
390 2147 446 2200 rite
456 2146 502 2199 fac
518 2162 544 2209 o,
559 2145 693 2198 Ancmiiius

23 2232 36 2268 n
47 2217 204 2269 advocavit.
240 2217 282 2267 lbi
294 2217 323 2269 G.
334 2216 441 2280 Livius,
452 2217 487 2286 (is
500 2217 573 2269 enim
584 2219 628 2266 est
639 2211 694 2279 pri·

23 2293 71 2339 ,tus
79 2285 260 2352 sententiam)
272 2284 415 2341 Neminem
418 2287 531 2357 fidelius
542 2286 694 2350 conpone

23 2375 43 2422 r,
63 2358 146 2420 dixit,
168 2374 249 2425 quam
266 2373 338 2421 eum,
360 2356 408 2426 qui
425 2356 455 2407 id
466 2353 695 2412 ulterisucderet,

23 2447 36 2492 ε,
48 2427 71 2480 ri
81 2428 111 2480 in
122 2429 210 2481 eodem
222 2431 370 2493 inanescet,
388 2425 521 2498 facturus
531 2421 635 2495 tuerit.
666 2418 709 2466 ba

24 2496 160 2565 inimice,
173 2509 241 2558 tota·
249 2500 493 2575 cioaseprcaum
501 2493 655 2567 perennat
667 2496 731 2555 m?

23 2584 86 2624 cere
99 2576 194 2632 multa
211 2576 343 2635 saburro
359 2580 533 2652 grccctcs,
553 2570 647 2630 cique
661 2556 761 2603 ectio
